2400 4100
115 222 193 292 '118
207 279 211 285 ,
437 217 728 282 METAMORPH.

121 360 214 420 Mane
225 372 296 421 erar
310 364 464 439 egreditur
477 364 565 423 tectis
576 366 614 423 ad
626 366 720 423 littusr
734 377 766 424 et
778 366 866 426 illum

120 454 233 512 Moesta
246 456 346 529 locum
360 457 478 531 repetit,
492 457 528 517 de
540 475 600 533 quo
613 468 762 531 spectarat
772 469 905 517 euntem.

120 548 274 624 Dumque,
288 562 421 609 moratus
432 550 482 619 ibi,
494 551 624 626 dumque
639 553 688 608 hic
701 554 864 614 retinacula
877 551 975 621 solvit,
1048 567 1081 636 f·
1184 627 1186 636 Ι

120 642 189 698 Ηοο
204 644 278 699 mihi
292 644 539 704 discedensdedit
549 646 652 721 oqcula
665 643 776 713 littere,
788 643 880 701 dicit-

120 732 282 811 [Dumque
297 748 396 796 notata
406 739 500 795 oculis
514 736 715 795 reminiscitur
728 750 802 805 acta,
815 731 1006 820 fretumque]
1029 777 1033 781 Δ
1110 820 1113 826 1
1184 760 1186 772 ·

121 826 278 901 Prospicit;
291 830 323 887 in
337 829 448 905 liquida
462 831 555 904 spatio
569 827 696 886 distante
710 839 812 885 tuetur

121 918 234 975 Nescio
248 922 329 998 quid,
340 921 425 997 quasi
436 940 555 996 corpus,
568 940 655 997 aqna:
668 921 835 996 primoque,
846 920 920 997 quid
932 920 1010 979 illud

121 1008 221 1077 Esset,
235 1025 304 1069 erat.
311 1013 443 1073 dubium.
465 1016 625 1088 Postquam
638 1015 739 1087 paullo
754 1015 870 1087 appulit
882 1014 968 1081 undu

121 1100 170 1165 Et,
179 1102 315 1177 quamvis
327 1105 439 1173 aberat,
452 1121 561 1178 corpus
574 1117 676 1162 tamen
690 1123 757 1161 esse
771 1103 912 1180 liquebat3

120 1193 182 1264 Qui
196 1191 270 1252 leret
283 1194 431 1271 ignorans,
446 1195 499 1271 qui
512 1195 687 1271 naufragus,
696 1189 799 1253 umine
814 1207 896 1254 mota
907 1206 965 1253 este

121 1286 172 1355 Et,
184 1298 322 1362 tanquam
336 1286 438 1363 ignoto
453 1292 616 1365 lacrymam
629 1290 721 1357 daret,
734 1290 804 1364 Heu
817 1290 919 1357 miser,
931 1285 1056 1363 inquit,.·

121 1376 265 1455 Quisquis
279 1398 322 1449 es,
335 1391 366 1437 et
378 1379 405 1437 si
417 1398 476 1456 qua
486 1393 534 1439 est
545 1380 732 1458 conjuxtibi!
749 1381 902 1439 Fluctibus
915 1393 1017 1439 actum

121 1468 170 1525 Fit
184 1470 305 1544 propius
317 1490 435 1547 corpus.
455 1475 617 1550 Quodque
629 1472 729 1549 magis
740 1472 792 1531 illa
800 1486 911 1541 tuetur,
936 1520 943 1526 ,

121 1557 190 1617 Hoc
211 1563 319 1639 minus,
342 1577 373 1621 et
386 1564 486 1623 minus
500 1576 545 1623 est
563 1581 670 1621 amens
685 1581 747 1620 sua.
780 1564 908 1637 Jamque
924 1562 1050 1639 propin·

199 1671 267 1729 quae
711 1665 715 1666 ⁷
874 1670 878 1676 '
976 1651 977 1654 ¹

121 1742 287 1804 Admotum
300 1758 401 1819 terrae,
412 1751 478 1829 jani
488 1752 567 1827 quud
577 1766 763 1826 aeogneecere
776 1758 887 1821 posset,

121 1834 235 1893 Cernit:
250 1851 312 1897 erat
325 1841 445 1917 conjux.
470 1845 529 1901 lile.
542 1854 599 1910 est,
613 1843 773 1899 exclamat:
788 1851 821 1897 et
834 1858 892 1904 unu

94 1954 96 1958 s
121 1928 194 1995 Ora,
207 1946 316 1999 comas,
331 1946 446 1991 vestem
461 1938 580 1991 lacerate
594 1935 779 2006 tendensque
791 1940 957 1991 trementes

121 2017 171 2076 Ad
185 2021 286 2092 Ceyca
299 2040 415 2089 manus,
427 2022 487 2091 Sic,
500 2025 529 2080 Ο
544 2022 699 2080 carissime
712 2022 833 2098 conjux,

120 2108 171 2167 Sic
184 2111 220 2168 ad
233 2131 291 2178 me,
304 2113 480 2180 miserande,
491 2113 581 2174 redis?
595 2113 644 2172 ait.
656 2112 795 2189 .Adjacet
807 2111 896 2175 undis

121 2199 209 2259 Facta
223 2221 316 2260 manu
327 2209 434 2263 moles:
450 2225 518 2282 quar
531 2207 649 2280 primas·
659 2205 788 2280 aequoris
800 2206 865 2262 iras·
964 2229 972 2241 ·

121 2292 253 2370 Frangit
269 2309 299 2354 et
310 2297 447 2356 incursus
460 2317 528 2373 quae
544 2287 911 2372 praedelaisataquaum.-
933 2329 969 2374 κῃ
996 2332 999 2337 ,
1047 2330 1060 2340 ι

15 2423 16 2426 ¹
79 2390 86 2396 ’
120 2385 218 2446 Insilit
233 2391 300 2452 huet
312 2391 481 2463 mirumque
496 2389 550 2445 luit
568 2389 710 2462 potuisse,
724 2391 847 2456 volabau
890 2405 912 2429 ··
970 2423 990 2472 '.

65 2513 69 2519 ·
121 2478 357 2552 Pei-cutiensque
370 2483 470 2536 levem
484 2480 573 2535 mudo
587 2481 664 2537 natis
676 2485 746 2538 aera
756 2479 881 2555 pennis,.

122 2567 439 2644 Stringebatsummas
452 2575 514 2630 ales
527 2571 705 2632 miserabilis
716 2575 819 2632 undas.

121 2658 265 2738 Dumque
278 2665 489 2728 volat;.moesto
503 2663 642 2733 similem,
654 2668 838 2740 plenumque
851 2665 985 2741 querelae

122 2754 187 2811 Ora
199 2756 310 2812 dedice
325 2771 433 2814 sunum
445 2757 529 2813 tenui
541 2756 715 2830 crepitantia
729 2769 833 2837 rostro.

123 2846 185 2927 [Ut
197 2863 267 2901 vero
281 2843 380 2920 tetigit
393 2860 513 2902 mutum
522 2858 556 2906 et
564 2845 629 2902 sine
643 2845 788 2921 sanguine
801 2864 921 2925 carpum

29 2997 31 2999 ‚
122 2933 259 2992 Dilectus
272 2948 355 2994 artus
366 2939 505 3010 amplexa
518 2937 688 2996 recentibus
699 2937 765 3004 alis,
825 2986 830 2994 .

122 3027 247 3104 Frigida
259 3028 460 3108 nequicquam
473 3029 546 3086 duro
558 3031 640 3090 dedit
650 3034 754 3089 oscula
767 3025 889 3107 nostru]

15 3107 19 3116 '
123 3119 322 3186 Senserithoc
334 3122 429 3196 Ceyx,
440 3109 477 3180 an
492 3122 609 3178 vultum
622 3122 752 3181 motibus
764 3123 852 3180 undae
912 3187 917 3198 x
988 3181 991 3188 ,

124 3211 248 3269 Tollere
262 3211 301 3270 sit
315 3211 406 3280 visus,
419 3213 545 3286 populus
557 3207 718 3295 dubitabam
730 3225 761 3272 at
772 3214 824 3272 ille
857 3244 864 3252 ·

123 3302 273 3360 Senserat.
295 3305 334 3362 Et
346 3305 474 3370 undem,
487 3305 611 3378 superis
622 3306 840 3372 miserantibus,
854 3305 940 3364 ambo

126 3387 209 3450 Alite
220 3407 384 3456 mutantutu
406 3395 486 3453 Fatis
497 3395 644 3454 obnoxius
657 3399 775 3468 isdem,-
1053 3455 1056 3460 .

125 3484 214 3542 Tunc
227 3503 345 3562 qusque
358 3485 466 3548 mansit
476 3503 570 3556 amar,
584 3486 966 3565 neceeujuglale'solutum
1007 3558 1011 3564 .
