2400 4100
58 304 61 311 ,
153 242 221 313 108
277 308 282 312 .
466 205 761 295 unumunurn.

149 376 233 455 Quos
245 378 296 441 ubi
310 377 444 439 viderunt
457 392 614 455 praeacutae
628 380 758 455 cuspidis
772 382 872 439 hastos

148 464 184 537 ln
197 488 285 551 caput
301 472 428 531 AEmonii
438 472 556 551 juvenis
567 487 707 549 torquere
720 487 864 549 parantem

147 569 306 628 Demisere
319 580 403 627 metu
417 572 593 643 vultumque
602 568 800 643 -animumque
813 565 940 643 Pelasgi.

147 664 217 739 Ipsa
233 682 353 738 quoque
366 659 512 731 extimuit,
525 679 594 737 quae
609 673 707 719 tutum
721 661 829 718 fecerat
841 660 938 720 illum:

147 757 250 831 thue
263 758 322 829 peti
334 756 476 833 juvenem
488 765 531 812 tot
543 752 616 813 uidit
627 757 664 813 ab
674 755 810 812 hostibus
824 744 936 824 ununu'

148 850 265 922 Palluit3
279 862 308 909 et
321 852 416 909 subito
431 847 495 908 sine
504 846 653 925 sanguine
668 839 775 923 frigida
787 847 871 907 sedit.
975 878 978 881 ⁴

74 970 80 980 ·
135 968 137 977 ·
148 941 232 1001 Neve
246 962 352 1017 parum
366 946 479 1002 valeam
489 962 508 1000 a
519 962 553 1001 se
567 944 633 1003 data
646 940 790 1018 gramina,
803 955 922 1014 cannen

148 1022 302 1093 Auxiliare
315 1036 402 1105 canit·
416 1046 602 1109 secretasque
616 1037 735 1093 advocat
744 1044 834 1093 artes.

147 1128 212 1196 Ille,
228 1146 348 1202 gravem
360 1129 474 1186 medios
485 1126 607 1185 silicem·
612 1126 759 1204 jaculatus
770 1126 801 1182 in
815 1128 924 1205 postes,

148 1219 180 1279 A
194 1238 226 1277 se
239 1220 395 1293 depulsum
414 1218 543 1277 Martem
558 1220 700 1277 convertit
711 1221 741 1280 iu
754 1212 844 1293 ipsos.
952 1273 961 1280 „

148 1312 330 1389 Terrigenae,
338 1322 464 1387 pereunt
477 1330 532 1387 per
544 1324 650 1371 mutua
663 1315 784 1371 vulnera
795 1311 911 1379 fratrem

147 1405 295 1481 Civilique
310 1408 416 1464 cadunt
428 1404 503 1464 acie.
524 1405 684 1463 Gratantur
698 1406 816 1464 Achivi:
850 1470 852 1472 .

147 1500 362 1574 Victoremque
378 1510 489 1566 tenente
504 1496 656 1571 avidisque
670 1497 855 1570 amplexibus
867 1499 991 1568 haersnt,
1047 1555 1049 1562 ,

148 1592 198 1651 Tu
213 1610 331 1665 quoque
344 1592 483 1647 victorem
498 1589 664 1661 complecti,
679 1576 921 1655 burburenensem

148 1681 290 1762 [Obstitit
301 1682 421 1755 incepto
433 1680 536 1754 pudor:
551 1692 581 1736 et
594 1680 751 1751 complexa
765 1674 899 1756 luissest]

148 1775 207 1833 Sed
221 1789 259 1842 te,
271 1792 308 1832 ne
322 1772 445 1841 iaceres,
459 1772 553 1829 tenuit
566 1770 727 1829 reverentis
745 1770 844 1829 lamae.
909 1785 919 1795 ·

147 1867 236 1941 Quod
250 1869 329 1935 licet,
343 1866 450 1924 affectu
463 1865 549 1923 tacito
563 1865 683 1923 laetarisr
697 1862 820 1939 agisque

147 1958 335 2019 Carminibus
345 1971 455 2037 grates
468 1971 497 2017 et
511 1958 572 2015 Dis
583 1959 751 2030 auctoribus
763 1960 880 2014 horum.
982 1978 986 1981 ·

112 2067 115 2073 '
147 2053 329 2129 Pervigilem
344 2046 476 2127 superest
489 2051 588 2110 herbis
601 2053 881 2126 sopiredrsconem3

148 2147 209 2220 Qui
222 2146 310 2206 erista
325 2145 494 2223 linguisque
507 2145 604 2203 tribus
618 2142 786 2220 praesignis,
799 2154 829 2202 et
840 2140 927 2200 uncis
994 2198 996 2200 .

148 2241 296 2300 Dentibus
308 2243 482 2308 horrendus,
493 2254 593 2298 eustos
606 2252 668 2297 erat
681 2239 779 2296 arietis
792 2234 884 2297 aurei.
959 2263 962 2270 ·

148 2335 239 2394 Hunc
253 2347 411 2410 postquam
425 2335 529 2407 sparsit
544 2332 659 2390 Lethaei
672 2331 806 2406 gramine
819 2327 912 2388 succis

146 2426 309 2500 Verbaque
323 2437 369 2483 ter
380 2424 458 2504 dixit
472 2421 750 2505 placidosfacientia
763 2439 893 2505 somnos,
956 2480 961 2487 ,

147 2517 225 2588 Quae
239 2535 321 2576 mare
335 2518 494 2585 tumetum,
505 2535 573 2591 quae
586 2518 700 2574 concita
712 2515 836 2575 flumina
849 2516 961 2586 sistane
990 2542 992 2546 >
1101 2535 1103 2538 >
1126 2496 1132 2500 ⁶

148 2609 279 2668 Somnus
292 2611 320 2668 in
333 2609 451 2686 ignotos
462 2612 564 2670 oculos
576 2611 718 2685 subrepit:
726 2622 763 2668 et
774 2629 846 2669 auro

115 2691 117 2698 ’
148 2702 247 2760 Heros
261 2703 397 2762 AEsonius
411 2705 530 2778 potitum
546 2703 697 2779 spolioque
711 2708 865 2778 superbus,

84 2821 85 2824 ¹
149 2795 289 2854 Muneris
301 2810 453 2856 auctorem
467 2814 581 2864 senum,
595 2795 688 2871 spolia
700 2791 801 2864 altero,
815 2807 941 2870 portans,

150 2883 257 2946 Viator
271 2887 411 2946 loleiaeos
421 2886 521 2966 tetigit
534 2906 606 2948 oum
618 2889 746 2966 conjuge
759 2901 869 2964 portus.
885 2966 895 2976 η
