2400 4100
117 218 188 285 100
428 213 724 281 uurnmoaru.
770 203 783 225 ²

116 354 175 415 Sed
188 358 276 417 ferro:
288 358 341 417 sed
353 357 381 417 si
396 360 467 435 quid
482 362 582 429 habes,
595 364 675 437 quod
689 362 806 426 vincere
813 364 932 427 feram

114 451 219 511 Possit.
242 453 276 509 ln
288 470 377 512 omne
391 453 472 519 nefas
485 472 542 531 ego
555 450 615 524 me
628 474 780 531 germana,
792 458 901 533 paravi.

114 545 178 603 Aut
188 564 254 623 ego,
269 562 339 605 cum
353 546 584 624 lacibueregalia
596 560 681 616 tecta,
694 553 838 622 cremare,
865 572 874 619 g
903 595 906 600 .

114 638 269 699 Artificem
283 639 390 699 mediis
403 639 677 701 immittamTerea
695 641 834 702 flammise

115 734 179 791 Aut
193 735 337 811 linguam,
350 748 400 793 aut
413 738 526 805 oeulos,
538 747 591 796 ant
602 754 671 811 quae
685 737 736 795 tibi
751 740 887 805 membra¹
898 738 1046 814 pudorem

111 827 315 896 Abstulerant,
329 827 407 887 ferro
419 828 541 903 rapiann
556 841 608 888 aut
621 847 676 905 per
687 833 808 890 vulnera
820 830 905 890 mille
946 906 950 915 ,

115 918 549 996 Sontem'animamexpellam.
571 923 719 999 Magnum
727 925 1045 1002 quodeunquepatati.
1080 990 1084 1000 ,

113 1012 195 1085 Quid
210 1016 257 1081 sit,
270 1007 484 1073 adhue-dubito,
505 1016 625 1091 Peragit
636 1018 709 1076 dum
722 1016 790 1088 talia
804 1019 928 1089 Procne,

112 1107 163 1164 Ad
177 1119 304 1165 matrem
319 1108 450 1167 veniebat
462 1108 543 1183 ltysss
557 1107 638 1179 Quid
653 1108 755 1185 possit,
767 1112 804 1169 ab
816 1109 866 1168 illo

112 1200 274 1259 Admonita
286 1213 342 1259 esta
356 1200 509 1277 oculisque
524 1214 611 1261 tuens
624 1200 802 1273 immitibus,
815 1204 867 1281 Ab
880 1220 973 1280 quam
1061 1209 1078 1266 ⁴.
1181 1231 1183 1240 ¹

113 1294 156 1353 Ee
168 1294 273 1353 similis
288 1293 375 1371 patri!
389 1294 471 1355 dixit.
493 1296 558 1355 Nee
575 1299 781 1372 plura-locuta,
840 1347 843 1351 .

113 1386 214 1447 Triste
226 1403 309 1464 parat
318 1388 445 1473 facinus3
460 1390 608 1466 tacitaque
619 1403 765 1452 exaestuat
772 1391 827 1452 ira.

70 1477 74 1486 ’
113 1482 158 1539 Ut
171 1494 269 1541 tamen
280 1484 404 1542 accessit
416 1497 510 1549 natue,
526 1488 674 1560 matrique
688 1489 815 1545 salutem

113 1574 231 1641 Attulit,
244 1588 273 1639 et
286 1575 383 1648 pernis
395 1576 515 1635 adduxit
529 1578 604 1633 colla
615 1577 740 1643 lacertis,

114 1666 264 1741 Mistaque
279 1664 424 1725 blanditiis
436 1664 604 1741 ‘puerilibus
614 1668 717 1725 oscula
727 1665 837 1743 junxiu

113 1757 198 1817 Mota
213 1758 334 1833 quidem
349 1773 394 1817 est
408 1760 546 1835 genitrix,
560 1758 742 1836 infractaque
754 1759 886 1822 eonatitit
896 1761 956 1823 irat.

17 1838 19 1853 ¹
71 1889 77 1897 -
114 1853 263 1929 Invitique
276 1856 355 1913 oculi
365 1855 504 1927 lacrymis
517 1856 657 1913 maduere
671 1856 790 1913 mactis.
837 1889 841 1896 ι

114 1946 172 2005 Sed
187 1948 277 2005 simul
290 1966 329 2005 ex
339 1948 430 2006 nimia
444 1958 570 2004 matrem
585 1948 692 2022 pietate
703 1949 800 2006 labare

60 2034 62 2037 ’
115 2038 224 2098 Sensit:
239 2043 274 2098 ab
289 2042 468 2109 bonitatum
481 2041 573 2100 estad
588 2042 687 2099 vultus
700 2037 913 2112 versationum
1053 2113 1064 2125 X

115 2135 209 2210 Inque
225 2136 321 2192 vicem
335 2145 471 2208 spectans
482 2137 593 2202 ambos,
608 2132 672 2192 Cur
685 2137 831 2203 admovet,
843 2134 949 2212 inquit,
1181 2165 1183 2186 ι

115 2230 204 2288 Alter
215 2229 377 2298 blanditiae,
388 2224 475 2303 'rapta
488 2226 556 2286 silet
569 2230 661 2286 altera
671 2225 785 2303 linguai
846 2269 849 2275 .
904 2248 906 2253 ’

116 2321 217 2394 Quam
228 2334 311 2382 vocat
324 2323 371 2380 hie
387 2334 523 2387 matrem,
537 2339 590 2380 cur
599 2339 658 2378 non
672 2333 755 2380 vocat
767 2322 818 2380 illa
828 2308 975 2382 sororem?
999 2357 1013 2377 2

116 2417 175 2472 Cui
188 2415 230 2472 sis
244 2429 335 2488 nupta
347 2416 421 2482 vide,
435 2414 583 2471 Pandione
594 2426 671 2482 nata,
684 2413 800 2472 marito.

116 2490 300 2583 Degeneres.
321 2507 428 2572 Scelus·
439 2519 483 2566 e‘st
497 2505 589 2581 pietas
603 2505 634 2564 in
648 2507 774 2586 conjuge
789 2507 896 2568 Teren.

116 2601 184 2658 Nee
198 2618 293 2668 mora3
306 2599 395 2658 traxit
408 2602 486 2674 ltyn:
502 2600 589 2658 veluti
605 2598 771 2677 Gangetica
782 2619 878 2661 cervae
917 2642 921 2649 »
961 2628 963 2631 ·

88 2740 99 2770 ,
114 2697 289 2756 Lactentem
302 2693 404 2754 loetum
417 2711 471 2768 per
483 2693 572 2752 silvas
584 2692 672 2768 tigris
682 2711 800 2769 opacas.

117 2793 222 2865 thue
237 2791 345 2847 domus
357 2791 423 2846 altae
436 2794 551 2861 partem
565 2790 687 2844 tenuere
701 2799 858 2857 remotam,
971 2839 975 2843 ,

117 2885 365 2956 Tendentemque
379 2898 496 2949 manus,
510 2890 541 2938 et
551 2879 616 2957 jam
628 2899 682 2938 sua
694 2879 752 2941 lata
765 2881 930 2950 videntem,

118 2977 183 3046 Eia,
196 2989 226 3034 et
236 2975 310 3054 jam,
320 2986 428 3044 mater,
438 2976 628 3043 clamantem,
638 2988 672 3032 et
680 2975 757 3034 colla
767 2987 928 3050 petentem·

118 3071 199 3130 Ense
213 3069 280 3130 ferit
294 3071 416 3136 Procne,
429 3066 512 3128 lateri
525 3087 584 3143 qua
598 3080 702 3143 peetus
714 3069 855 3131 adhaeret.

75 3189 78 3194 ¹
118 3164 186 3222 Nec
200 3165 315 3222 vultum
329 3163 438 3223 avertit.
461 3162 537 3220 Satis
551 3161 598 3221 illi
608 3164 644 3221 ad
656 3160 714 3228 lata
724 3163 770 3219 vel
782 3178 877 3219 unum

119 3257 237 3338 Vulnus
250 3269 321 3315 erata
335 3255 477 3334 jugulum
490 3255 569 3312 ferro
583 3255 747 3315 Philomela
760 3253 891 3314 resolvit.

120 3347 258 3423 Vivaque
271 3349 378 3417 adhuc,
392 3346 560 3422 animaeque
573 3347 688 3423 aliquid·
699 3340 852 3407 retinentia
861 3350 996 3410 membra

120 3439 279 3502 Dilaniant.
294 3442 367 3500 Pars
378 3443 444 3501 inde
458 3441 537 3498 esais
550 3443 679 3525 exsultat
691 3440 782 3500 aenis

121 3533 194 3594 Para
207 3536 335 3630 verubus
347 3535 458 3603 atriden
473 3547 593 3598 manant
605 3533 765 3610 penetralia
777 3535 864 3594 tabo,
1027 3589 1034 3600 .
