2400 4100
41 207 45 214 ’
130 245 175 310 ro
438 237 740 306 -uurnurouru

128 381 277 444 Silvarum
292 385 413 445 latebris
426 387 675 465 captivarumque
689 391 823 452 ferorum

127 476 254 536 Exuriis
267 479 411 555 gaudens,
424 480 619 556 innuptaque
631 486 742 543 aernuia
756 483 892 546 Phoebes.

126 568 214 629 Vitta
226 575 381 632 coercebat
395 573 509 650 positos
522 573 586 632 sine
602 577 821 654 legeoopilios.

126 662 221 722 Multi
233 663 316 723 iliam
328 667 457 741 petiere:
478 666 530 727 illa
543 681 678 727 aversato
689 682 838 746 petentes,

124 756 289 830 Impatiens
301 775 473 835 expersque
486 759 553 830 riri,
571 779 733 823 nemorum
745 763 812 823 ovio
821 742 939 826 ¹lustratt

125 850 192 908 Nec
206 849 278 926 quid
291 852 423 932 Hymen,
436 851 509 928 quid
523 855 631 925 Amor,
645 845 719 931 quid
732 854 791 916 siut
803 855 951 918 connubia
963 871 1056 918 curat.
1098 927 1102 934 ³

126 941 216 1020 Saepe
229 955 315 1020 pater
327 945 416 1004 dixit:
436 947 596 1006 Generum
610 948 698 1020 mihi,
709 950 780 1019 fitis,
789 952 892 1011 debes.

126 1036 216 1113 Saepe
227 1048 313 1113 pater
322 1037 410 1097 dixitt
432 1039 536 1098 Debes
549 1039 637 1112 mihi,
649 1053 727 1112 nota,
740 1055 875 1119 nepotes.

124 1131 182 1187 llio
194 1132 277 1189 velut
288 1129 406 1189 crimen
419 1133 512 1192 taedas
524 1133 764 1212 exosajugoies,

124 1223 257 1282 Pulchra
267 1225 439 1282 verecundo
450 1225 634 1284 suffunditur
645 1245 699 1284 oro
710 1229 829 1298 roboret

124 1317 221 1393 Inque
235 1315 329 1393 patris
340 1317 455 1376 blandis
467 1319 587 1378 haerens
600 1320 719 1379 cervice
732 1321 863 1394 lacertis,

124 1409 174 1470 Do
186 1409 264 1470 mihi
274 1422 430 1488 perpetue,
444 1409 564 1489 genitor
578 1411 747 1487 carissime,
757 1414 846 1486 dixit,

6 1503 8 1508 ’
124 1503 310 1581 virginitate
324 1504 395 1564 fruit
416 1504 498 1564 dedit
512 1507 569 1563 hoc
582 1520 669 1580 poter
683 1525 750 1564 ante
760 1507 878 1566 Disore.

125 1599 182 1655 111e
197 1595 319 1672 quidem
330 1595 518 1672 obsequitur:
539 1597 639 1655 eedtc
652 1597 744 1654 decor
755 1596 824 1667 iste,
837 1598 919 1673 quod
931 1608 1027 1677 optus,

125 1691 204 1748 Esse
218 1699 310 1757 vetat;
329 1688 458 1765 'votoque
470 1699 522 1746 tuo
536 1700 588 1748 tua
601 1687 698 1746 forma
710 1701 871 1765 repugnat.

124 1783 254 1842 Phoebus
268 1792 357 1850 amot3
377 1779 510 1857 visreque
525 1774 608 1857 cupit
621 1780 768 1841 connubia
781 1781 939 1860 Daphnesr

124 1877 264 1951 Quaeque
280 1873 373 1951 cupit,
386 1886 495 1950 sperat:
517 1873 727 1952 suaqueilium
739 1879 862 1936 oracula
872 1876 988 1955 felium,
1042 1916 1046 1922 -

125 1969 231 2045 thue
243 1969 327 2028 leves
341 1967 459 2044 stipulae
474 1968 585 2042 demtis
598 1970 756 2026 adolentur
768 1968 879 2041 aristis,
947 2029 951 2037 ,

126 2064 171 2123 Ut
183 2062 299 2123 facibus
313 2080 403 2138 sepes
417 2062 531 2132 ardent,
545 2082 622 2139 quos
631 2062 709 2122 forte
729 2062 824 2121 viator

125 2156 187 2215 Vel
201 2154 295 2215 nimis
306 2153 504 2227 admovisset
516 2155 580 2234 jam
594 2158 651 2216 sub
663 2158 733 2214 luce
746 2154 882 2233 reliquit,

127 2250 177 2308 Sic
191 2250 280 2308 Deus
289 2248 321 2307 in
334 2248 470 2307 flammas
484 2248 568 2317 auiin
589 2247 633 2307 sio
644 2259 769 2325 pectore
784 2259 846 2307 toto

91 2343 95 2350 '
126 2340 246 2410 Uritur,
258 2354 291 2399 et
303 2340 440 2399 sterilem
454 2342 600 2415 sperando
613 2339 710 2397 nutrit
723 2357 870 2397 amorem.

123 2435 248 2509 vSpectat
259 2425 408 2489 inornatos
422 2432 501 2489 coilo
513 2432 647 2506 pendere
660 2430 794 2505 capillost

126 2526 177 2594 lit,
191 2523 273 2595 Quid
287 2521 314 2581 si
328 2521 497 2583 comantur?
518 2523 568 2583 ait.
589 2522 684 2583 Videt
696 2521 768 2601 igoe
782 2522 930 2584 adcanto·

7 2692 9 2713 ὦ
127 2615 283 2675 Sideribus
298 2614 415 2675 similes
426 2618 540 2676 oculos.
560 2616 654 2675 Videt
666 2619 781 2688 osculru
794 2636 862 2693 quae
881 2636 941 2679 non

126 2712 184 2769 list
194 2708 305 2769 vidisse
321 2709 401 2769 satis.
421 2710 537 2771 Laudat
549 2707 732 2785 digitosque,
745 2709 923 2787 manusque,

126 2800 326 2877 Brachioque,
340 2814 372 2859 et
383 2802 480 2859 nudos
494 2801 593 2861 media
605 2802 676 2875 plus
689 2814 774 2876 parte
785 2804 923 2861 lacertos.

117 2895 161 2955 ¹Si
174 2914 233 2971 qua
246 2896 347 2962 latent,
360 2893 486 2953 meliora
499 2906 591 2970 putat.
611 2892 705 2971 Fugit
716 2893 801 2952 ocior
812 2913 885 2955 outa
1002 2914 1006 2921 ·

7 3018 17 3049 3
126 2988 185 3046 lile
195 2987 265 3046 levi:
277 3005 387 3063 ,neque
400 2988 437 3045 ed
451 2990 517 3047 haer.
531 2987 699 3048 revocantis
712 2991 803 3048 verbo
815 2988 941 3060 resistit;

125 3082 280 3157 Nympha,
294 3096 412 3155 precor,
426 3080 547 3148 Peneia,
558 3098 658 3139 maner
679 3098 738 3139 noo
752 3081 894 3157 insequor
907 3081 1009 3141 hostis.

126 3175 279 3251 Nympha,
293 3192 390 3233 mane.
412 3172 463 3231 Sic
478 3192 555 3249 agna
569 3176 687 3249 lupum,
700 3175 744 3231 sic
759 3192 850 3231 cerva
861 3176 994 3245 iconem,
1077 3169 1079 3176 ’

127 3267 179 3325 Sic
191 3269 322 3347 equilum
335 3284 433 3343 penna
446 3265 569 3343 fugiunt
579 3266 748 3343 trepidante
762 3268 922 3335 columbae3

127 3360 241 3419 Hostes
254 3378 384 3437 quaeque
397 3377 478 3418 suos.
502 3360 602 3417 Amor
612 3371 661 3418 est
672 3357 749 3417 mihi
758 3356 1022 3444 oausascquendi.

127 3452 183 3511 Me
196 3451 356 3511 miserum!
377 3470 414 3510 ne
426 3463 520 3528 prone
532 3454 631 3525 cadas,
642 3452 803 3529 indignave
818 3452 888 3512 laedi

127 3548 225 3605 Crura
238 3556 342 3605 secent
354 3558 465 3637 septen
487 3557 517 3605 et
531 3545 589 3607 sim
601 3546 656 3607 tibi
667 3564 758 3606 causa
769 3543 887 3607 doloris.
