2400 4100
960 122 967 149 l

129 228 175 293 oe
334 308 338 319 .
445 216 739 295 nerinorum

98 408 101 416 .
128 366 162 424 Si
174 377 273 424 tamen
287 366 355 423 haec
370 362 478 439 Superi
492 378 634 435 cernunt,
646 366 671 423 si
682 365 935 432 numinanivam
963 426 965 431 ,

127 460 202 517 Sunt
217 456 341 531 aliquid;
358 456 383 515 si
396 446 455 539 non
469 456 623 533 perierunt
638 458 739 517 omnia
753 479 886 531 mecum;

126 554 373 627 Quandocunque
389 551 577 627 mihipoenas
593 553 684 609 dabis.
705 556 785 628 Ipsa,
798 555 912 630 pudore
951 620 954 624 ἵ
977 608 983 615 .

125 646 276 725 Proiecto,
288 659 338 705 tua
351 645 428 705 facta
442 649 557 720 loquar:
570 644 599 703 si
614 631 700 721 copia
714 650 809 719 detur,

109 780 111 785 .
124 742 161 799 In
173 743 301 816 populos
316 739 445 797 veniam:
462 740 487 795 si
499 738 583 811 silvis
596 743 697 818 clauso
710 743 846 813 tenebor,
914 803 918 809 Δ

124 822 261 908 Iniplebo
273 833 372 901 silvas,
386 843 416 888 et
430 830 550 889 conscia
560 851 632 906 sana
645 835 780 891 movebo.
853 835 855 838 ’

124 925 238 985 Audiat
252 928 319 995 haec
334 927 441 995 aether,
454 924 523 983 etsi
537 925 624 989 Deus
634 928 713 985 ullus
724 923 756 983 in
769 927 820 982 illo
833 937 891 985 est.

124 1021 153 1077 T
155 1020 250 1077 alibns
264 1018 311 1076 ira
323 1017 379 1075 feri
393 1032 718 1093 postquamcommota
731 1020 858 1093 tyranni3

59 1146 68 1160 ·-
121 1114 190 1171 Nec
206 1112 302 1171 minor
313 1114 369 1181 hac
384 1123 549 1177 metusest:
566 1130 656 1169 causa
670 1112 839 1178 stimulatus
852 1127 988 1191 utraque,

123 1206 192 1279 Quo
207 1204 262 1263 luit
275 1206 437 1279 accinctus,
451 1202 559 1279 vagina
571 1203 678 1263 liberat
691 1224 806 1263 ensem:
974 1191 976 1194 ¹

122 1290 348 1375 Arreptamque
360 1316 456 1365 coma,
468 1296 553 1355 flexis
566 1311 633 1372 post
641 1310 726 1373 terga
739 1296 869 1367 lacertis,
961 1354 966 1360 ,

121 1391 232 1451 Vincla
244 1392 307 1467 pati
321 1390 414 1467 cogit:
428 1391 574 1468 jugulum
581 1386 758 1451 'Philomela
770 1395 900 1468 parabat3
945 1380 948 1384 ’

121 1485 278 1561 Spemque
294 1504 356 1543 suae
370 1487 476 1543 mortis
493 1486 555 1543 viso
568 1499 744 1559 conceperat
756 1505 837 1544 ense.

120 1579 176 1635 Ille
188 1578 363 1651 indignanti,
377 1588 407 1633 et
419 1594 527 1635 nomen
543 1574 636 1649 patris
650 1596 744 1649 usque
759 1576 883 1646 vocanti,

119 1666 318 1742 Luctantique
333 1667 413 1743 loqui
427 1685 640 1740 comprensam
653 1667 766 1743 forcipe
781 1669 917 1744 linguam

39 1779 42 1783 ·
118 1760 256 1834 Abstulit
266 1778 337 1817 ense
352 1760 423 1817 lero.
444 1757 544 1817 Radix
558 1758 650 1822 micat
661 1760 769 1819 ultima
782 1761 907 1838 linguae.

38 1840 40 1847 ¹
114 1852 190 1932 ¹Ipsa
202 1854 292 1933 jacet,
306 1844 457 1929 terraeqrie
471 1865 607 1913 tremens
617 1855 924 1916 immurmuratatraa

117 1947 224 2022 thue
239 1945 327 2025 salire
342 1948 420 2003 solet
435 1946 580 2007 mutilatae
595 1948 690 2007 cauda
703 1951 845 2017 colubrae,

76 2081 77 2084 η
118 2038 256 2115 palpitat,
271 2049 302 2098 et
316 2039 449 2098 moriens
461 2038 590 2100 dominae
606 2040 734 2119 vestigia
747 2042 864 2119 quaerit.
967 2118 971 2124 Ι
1027 2118 1032 2122 ι

117 2135 187 2194 Hoc
200 2153 320 2211 quoque
333 2145 401 2210 post
412 2134 527 2193 lacinus
538 2134 604 2210 (vix
617 2137 713 2195 ausim
724 2136 864 2214 credere)
875 2136 971 2197 fertur

120 2227 210 2304 Saepe
226 2247 280 2286 sua
293 2229 430 2287 lacerum
445 2228 593 2304 repetisse
609 2227 730 2289 libidine
741 2249 863 2305 corpus.
886 2228 889 2234 “

119 2320 255 2379 Sustinet
267 2323 304 2378 ad
319 2322 456 2380 Procnen
470 2332 537 2396 post
550 2321 619 2378 talia
631 2321 711 2378 facta
725 2322 845 2381 reverti.

118 2414 259 2492 Conjnge
273 2430 340 2486 quae
355 2411 754 2487 rinmigermanaquuaeritr
769 2427 798 2471 at
808 2414 859 2472 ille

118 2503 179 2564 Dat
191 2504 323 2582 gemitus
339 2497 436 2574 fictos*
450 2518 684 2580 commentaque
700 2504 805 2564 funem
817 2521 924 2569 narrat.

118 2599 159 2656 Et
172 2583 313 2673 lacrymae
326 2595 427 2656 fecere
442 2597 541 2658 iidem.
564 2597 723 2658 Velamina
736 2601 851 2659 Procne

117 2691 240 2767 Deripit
254 2710 293 2749 ex
308 2690 443 2754 humeris
453 2711 527 2750 auro
542 2691 687 2768 fulgentia
701 2696 772 2752 lato:

118 2786 316 2862 Induitnrque
330 2797 407 2846 atras
421 2798 528 2843 vestes:
546 2796 577 2844 et
590 2785 677 2843 inane
692 2788 889 2860 sepulchrum

117 2876 289 2947 Constituit,
303 2877 451 2952 falsisque
458 2879 575 2952 piacula
587 2877 725 2936 manibus
739 2878 841 2940 inlertt

118 2971 158 3031 Et
168 2974 253 3048 luget
265 2988 325 3028 non
338 2970 382 3026 sic
396 2971 536 3046 lugendae
548 2970 606 3028 fata
618 2971 740 3053 sororis.

157 3065 250 3141 Signa
265 3063 349 3121 Deus
360 3065 405 3122 bis
418 3083 471 3122 sex
484 3079 549 3122 acto
563 3067 740 3124 lustraverat
753 3085 837 3124 anno.

117 3157 198 3230 Quid
212 3155 300 3218 iaciat
314 3154 494 3219 Philomela?
510 3156 616 3232 fugam
630 3158 762 3216 custodia
774 3158 897 3218 claudite
932 3142 939 3171 ¹*

119 3251 237 3308 Str-ueta
249 3249 348 3326 rigent
357 3247 452 3308 solido
467 3251 651 3309 stabulorum
665 3251 772 3308 moenia
786 3270 868 3309 saxo:

119 3344 165 3400 Os
179 3355 299 3402 mutum
313 3340 385 3400 iacti
399 3350 480 3410 caret
491 3340 614 3411 indice„
627 3345 745 3398 Grande
753 3347 849 3402 ,dolori

120 3434 271 3505 Ingenium
284 3447 340 3502 θεὴ·
353 3439 520 3506 miseriaque
534 3441 617 3494 venit
632 3419 749 3496 aote'rtia
763 3443 857 3498 redut.

117 3525 254 3586 Stamina
264 3527 415 3587 barbarica
429 3528 580 3606 suspendit
593 3530 702 3591 callida
713 3535 783 3595 tela:
