2400 4100
289 573 864 723 METAMORPHOSEON.

480 846 610 904 LIBER
633 848 673 904 11.

427 1055 591 1136 Phaethon,
612 1074 685 1114 rnn-
700 1076 723 1114 1.

114 1149 265 1240 REGIA
280 1179 351 1238 solis
365 1195 428 1242 erat
442 1187 620 1244 sublimibus
634 1191 694 1246 uita
704 1187 862 1258 columnis,

112 1278 202 1334 Clara
216 1276 345 1334 micante
358 1293 440 1346 auro,
453 1278 651 1355 flammasque
665 1279 800 1355 imitante
813 1299 937 1357 pyropo:

113 1370 211 1447 Cujus
224 1371 300 1427 ebur
314 1367 441 1429 nitidum
456 1370 574 1448 fastigia
588 1392 709 1433 summa
718 1372 846 1436 tenebat:

113 1463 245 1539 Argenti
257 1461 367 1520 bifores
383 1464 532 1521 radiabant
545 1466 659 1524 lumine
675 1469 776 1524 raivae.
880 1476 886 1487 “

114 1555 276 1614 Materiam
292 1557 447 1626 superabat
461 1570 547 1630 opus.
568 1557 650 1611 Nam
665 1555 817 1612 Mulciber
830 1553 893 1612 illic

113 1648 243 1722 AEquora
256 1649 376 1704 caelarat
390 1645 505 1704 medias
519 1647 670 1722 cingentia
684 1661 789 1718 terras,
986 1716 990 1724 ι

113 1743 340 1814 Terrarumque
353 1735 468 1810 orbern,
483 1743 654 1816 coeiumqne
669 1744 747 1815 quod
759 1741 899 1802 imminet
911 1744 984 1803 orbi.

113 1835 271 1892 Caeruieos
284 1836 371 1891 habet
385 1833 464 1890 unda
477 1834 572 1901 Deus;
594 1833 721 1892 Tritona
733 1852 885 1905 canorum,

112 1929 281 2000 Proteaque
294 1929 479 2000 ambiguum,
496 1929 740 2003 baiaeuarumque
754 1944 945 2004 prementem

113 2021 255 2097 AEgaeona
269 2019 331 2080 suis
344 2019 485 2081 immania
498 2032 584 2096 terga
596 2021 728 2089 lacertis3

113 2115 297 2191 Doridaque,
311 2126 342 2175 et
356 2128 448 2173 natast
470 2132 602 2190 quarum
614 2133 684 2189 pars
696 2126 766 2172 nare
778 2116 924 2187 videntur,
1006 2167 1011 2177 .

112 2208 230 2269 Persiu
244 2211 324 2267 mole
339 2211 447 2267 sedens
458 2206 570 2267 virides
584 2204 699 2267 siccare
712 2210 845 2283 capillos

112 2304 200 2362 Pisce
215 2302 284 2361 vehi
298 2303 448 2376 quaedem.
469 2302 573 2357 Facies
587 2318 645 2357 uon
659 2302 798 2357 omnibus
812 2320 880 2370 uua,

64 2462 68 2469 Ι
113 2396 180 2453 Nec
193 2394 311 2452 diversa
320 2405 432 2451 tamem
454 2395 574 2467 qualem
588 2394 676 2451 decet
688 2411 754 2450 esse
769 2411 915 2452 sororum.
1016 2402 1034 2417 ”

78 2474 79 2477 “
113 2490 211 2546 Terra
224 2485 312 2555 viros,
325 2486 477 2559 urbesque
490 2484 580 2561 gerit,
595 2485 754 2560 siluasque,
767 2486 916 2563 fetusque,

110 2568 318 2656 Fluminaque,
330 2589 361 2637 et
373 2578 542 2654 Nymphas,
557 2591 587 2637 et
601 2594 711 2637 caetera
724 2580 848 2638 numina
862 2581 949 2642 ruris

111 2676 189 2735 Haec
202 2672 449 2749 ‘superimposita
462 2684 509 2730 est
520 2671 590 2730 coeIi
604 2672 748 2748 fulgentis
761 2672 873 2748 imago;

111 2768 265 2844 Signaque
277 2784 331 2823 sex
343 2764 457 2824 foribus
471 2761 597 2832 dextris,
611 2762 799 2839 totidemque
812 2765 950 2825 sinistris.

111 2862 181 2935 Quo
195 2859 286 2916 simul
300 2856 415 2915 acclivo
428 2833 610 2933 Clymeneia
621 2857 718 2916 limite
733 2862 833 2932 proles

111 2952 216 3019 Venit,
230 2963 262 3010 et
274 2950 395 3010 intravit
407 2950 534 3008 dubitati
547 2962 628 3009 tecta
640 2951 783 3025 parentis;

110 3044 253 3105 Protinus
268 3046 303 3103 ad
316 3042 428 3119 patrios
443 3061 495 3099 sua
508 3043 566 3100 fert
579 3043 706 3118 vestigia
720 3047 831 3101 vuitus:

112 3138 316 3213 Consistitque
330 3137 445 3211 pmcul.
466 3136 577 3211 Neque
591 3135 672 3195 enim
687 3135 826 3212 propiora
837 3136 950 3197 furebat

111 3232 251 3291 Lumina.
272 3234 425 3304 Purpurea
439 3232 554 3287 veiutus
568 3241 651 3287 veste
663 3231 783 3287 sedebat

111 3314 147 3384 in
163 3325 239 3383 solio
255 3324 384 3383 Phoebus
398 3322 488 3381 claris
502 3327 621 3381 lucente
636 3322 818 3398 smaragdis.

113 3420 143 3476 Α
156 3419 264 3475 derttra
278 3419 412 3491 iaevaque
426 3415 509 3484 Dies,
523 3430 551 3475 et
565 3416 691 3483 Mensis,
705 3430 736 3476 et
751 3418 867 3487 Annus,

114 3512 295 3587 secutaque,
308 3522 339 3569 et
351 3510 456 3587 pesitaej
469 3509 572 3587 spatiis
587 3508 753 3585 aequuiibus
764 3512 870 3569 Horae:
