2400 4100
431 228 511 289 mn.
526 226 616 287 xut.
636 228 729 291 rsit.
745 230 776 287 r.
1001 235 1072 309 127

137 373 264 450 Erigere
278 372 458 447 ettrepidos
472 372 714 433 civesexhortor
724 373 757 431 in
769 374 900 433 bostem:

140 467 359 539 Amissamqne
372 483 444 525 mm¹
455 464 597 524 virtutem
611 482 687 524 voce
702 482 837 539 reposco.

138 558 296 633 Tempore
308 561 346 619 ab
360 560 416 627 hoe
432 558 634 633 quodcunque
649 569 748 630 potest
761 556 869 616 iecisse
884 556 981 623 rideri

17 660 18 691 ³
79 652 84 665 ¹
140 651 355 719 Fortiteriste,
369 660 542 709 meumestr
557 649 745 725 quidsntens
760 662 849 726 terga
862 650 983 714 leucri.

138 742 283 819 Denique
296 746 333 801 de
348 742 461 801 Danais
471 742 540 819 quis
552 755 583 801 te
598 743 736 804 laudatve
750 741 875 816 petitve?

129 836 183 897 'At
196 855 252 897 ene
265 833 398 910 Tydides
411 852 534 895 meeum
549 833 756 900 communicat
769 847 844 893 acte.

140 928 194 985 Me
210 930 325 1002 proban
339 940 369 985 et
383 927 465 985 socio
479 943 604 1000 semper
613 925 737 985 confidit
750 928 868 1001 ulysse.
895 956 900 963 ·

138 1022 195 1079 Est
207 1020 330 1095 aliquid,
342 1022 379 1079 de
393 1033 438 1079 tot
451 1019 617 1079 Graiorum
631 1019 775 1088 millibus,
790 1038 885 1081 unum

138 1110 170 1171 A
184 1112 333 1171 Diomede
347 1112 421 1189 legi,
434 1130 494 1174 nec
507 1131 556 1169 me
570 1130 634 1169 sors
646 1111 692 1171 ire
702 1113 835 1190 jubebat:

137 1202 190 1263 Sic
206 1217 307 1263 temen
318 1216 349 1263 et
362 1217 465 1279 spreto
478 1202 646 1279 noctisque,
657 1203 812 1280 hostisque
825 1205 948 1281 pericle,

139 1296 260 1363 Ausum
273 1296 382 1353 eadem
395 1313 464 1370 quae
477 1312 542 1361 noe,
556 1295 688 1370 Phrygis
700 1298 739 1355 de
751 1311 843 1375 gente
858 1299 977 1365 Dolone

138 1386 298 1446 Interimo:
320 1404 377 1447 non
392 1400 462 1443 ante
471 1398 586 1453 tamen,
599 1406 691 1461 quam
703 1401 812 1447 cuncta
823 1389 913 1466 co'e'gi

137 1478 281 1547 Prodere;
296 1490 327 1535 et
339 1476 449 1537 edidici
463 1477 534 1553 quid
549 1479 666 1553 perfide
678 1480 771 1557 'l‘roja
783 1493 908 1555 pareret.
991 1464 999 1483 ¹
1093 1537 1099 1546 ,

138 1570 253 1629 Omnis
265 1572 446 1647 eogndrams
460 1590 525 1637 nee,
539 1574 618 1648 quod
631 1574 818 1647 specularer,
831 1576 984 1633 habebant
1003 1588 1009 1592 ·

137 1662 176 1720 Et
187 1662 251 1739 jam
265 1662 422 1737 premissa
437 1678 571 1739 poteram
585 1683 657 1723 cnm
672 1666 757 1723 laude
771 1664 893 1725 reverti.

136 1756 227 1823 Haud
243 1767 400 1815 contentus
416 1756 687 1829 stamedienses
703 1758 809 1815 Rhesi:

13 1852 16 1865 '
135 1848 232 1923 Inque
244 1850 305 1907 suis
318 1848 419 1922 ipsum
435 1848 540 1907 caetris
551 1849 740 1924 comitesque
752 1849 879 1923 peremi.

136 1941 238 2013 Atque
252 1938 293 1999 ita
305 1940 421 2015 captivo
435 1940 531 2003 victor
544 1941 684 2015 votisque
697 1944 808 2015 potitus

137 2031 294 2109 ingredior
308 2051 398 2094 curru
413 2034 499 2092 iaetos
513 2032 650 2092 imitante
664 2036 843 2110 triumphos.

135 2127 232 2202 Cujus
243 2145 339 2202 equos
352 2127 482 2202 pretium
497 2145 551 2201 pro
564 2141 653 2186 noete
668 2142 844 2202 poposcerat
859 2123 964 2200 hostis,

137 2220 233 2275 Arina
246 2229 354 2294 negate
370 2217 455 2286 mihi;
470 2217 623 2291 litet-itque
636 2219 794 2292 benignior
810 2221 899 2296 Ajax.
939 2262 942 2266 -

136 2311 219 2382 Quid
236 2309 322 2384 Lycii
336 2310 465 2387 referam
482 2308 664 2382 Sarpedonis
676 2309 798 2385 agmine
811 2310 893 2368 ferro
977 2343 985 2350 ⁴·

135 2401 297 2460 Decastata
308 2399 392 2460 tneo?
404 2419 474 2460 cum
490 2403 586 2462 multo
599 2402 746 2478 sanguine
758 2402 823 2461 fudi
868 2417 872 2420 ’

136 2493 296 2561 Coeranon,
311 2494 508 2568 Hippasiden,
520 2507 552 2552 et
566 2496 774 2570 Alastoraque,
786 2495 1037 2575 Chromiumque,

79 2657 86 2674 Ι
135 2587 394 2692 d{leandrumque
421 2585 617 2660 Haliumque,
648 2587 875 2662 Noemonaque,
900 2591 1054 2666 Pyt-tanin·

138 2717 140 2724 ι
216 2698 289 2754 que;
778 2702 781 2705 ‘

135 2771 298 2845 Exitioque
312 2771 382 2830 dedi
396 2750 467 2829 cbm
480 2770 726 2830 Chersidamante
741 2772 876 2840 Thoona,

21 2903 29 2910 -
135 2862 176 2922 Et
190 2865 359 2938 Charopen,
370 2863 497 2940 satisque
510 2863 680 2924 immitibus
696 2867 851 2924 Ennomon
861 2877 974 2924 actumt
1070 2864 1073 2872 '

135 2955 257 3029 Quique
272 2953 372 3014 minus
385 2960 521 3014 celebres
533 2969 636 3016 nostra
649 2962 704 3016 sub
719 2958 868 3018 moenibus
883 2958 967 3016 urbis

111 3117 118 3122 Π
134 3048 325 3105 Procubuere
338 3065 437 3106 manu.
459 3047 536 3106 Sunt
545 3063 578 3106 et
590 3050 665 3107 mibi
681 3050 916 3118 vulnerantium,

35 3169 43 3176 ·
135 3137 205 3212 Ipso
219 3143 343 3212 pulchra
356 3143 432 3200 loco.
455 3144 521 3199 Nec
534 3141 617 3200 tanis
631 3143 746 3201 credite
761 3141 867 3198 verbis.

134 3230 292 3305 Adspicite
302 3222 353 3290 en.
373 3234 579 3310 (vestemque
590 3253 687 3292 manu·
696 3234 842 3309 deducit)
854 3243 895 3300 et,
903 3233 982 3292 Haec
995 3243 1065 3294 sunt

134 3323 261 3386 Pectora
274 3343 403 3399 semper,
416 3326 466 3394 sit,
487 3325 596 3384 vestris
608 3326 745 3386 exercita
758 3328 858 3383 rebus.

134 3416 176 3472 At
191 3415 265 3472 nihil
279 3415 426 3490 impendit
441 3435 496 3492 per
509 3418 765 3484 tottelamonius
778 3433 871 3474 annos

135 3505 297 3587 Smguinis
310 3507 342 3568 in
356 3509 466 3575 sociost
481 3520 513 3572 et
524 3497 616 3570 hebet
623 3509 688 3570 sine
702 3513 829 3580 vnlnere
839 3519 959 3584 corpus.
