2400 4100
427 260 506 319 Lllt
520 260 576 318 tv.
596 258 689 319 PAR
704 260 807 320 XVll.
1039 260 1085 331 75

158 400 257 479 Cujus
268 401 300 460 in
302 401 435 491 introipu
450 404 588 492 gemipas
600 404 804 491 liabipasse
766 422 882 463 sorores

158 494 339 582 Phorcyplae
354 496 443 576 unips
457 498 594 583 panitas
587 497 715 559 luminis
724 465 828 578 usutiu

161 588 196 643 ld
209 606 241 645 se
241 590 359 677 solerpi
372 588 487 673 furtim,
502 592 574 649 dum
579 590 725 685 traditur,
738 602 805 667 patu
842 594 918 649 7‘

159 680 321 755 Supposita
335 682 451 757 cepisse
465 702 565 741 manu·
581 699 698 759 perque
712 681 808 740 abdita
820 656 923 757 lainga,

161 772 250 831 Devit
243 794 329 848 tque,
343 788 374 832 et
388 775 470 833 silvis
483 774 633 833 horrentia
646 793 718 833 saxa
732 773 859 849 fragosis

119 852 124 857 ’
160 864 338 941 Gorgoneas
352 866 485 944 tetigisse
500 869 616 925 domos:
632 866 805 941 passimque
819 883 875 939 per
886 880 985 939 agros,

161 958 278 1035 Perque
290 957 354 1015 vias
366 960 475 1018 vidisse
489 957 648 1017 hominum
661 956 822 1022 simulacra
835 957 1037 1031 ferarumque,

161 1050 196 1107 ln
210 1050 328 1108 silicem
341 1070 377 1112 ex
391 1051 466 1127 ipsis
479 1050 544 1109 visa
557 1068 699 1109 conversa
716 1051 854 1109 Medusa:

162 1142 201 1199 Se
214 1152 317 1199 tamen
330 1146 498 1213 horrendae,
512 1143 625 1221 clypeig
636 1144 716 1219 quod
730 1145 807 1202 laeva
819 1145 952 1219 gerebat,

162 1234 229 1291 are
243 1252 422 1308 repercusso
435 1236 563 1293 formam
578 1234 752 1311 adspexisse
768 1236 915 1294 Medusae

162 1324 309 1399 Dumque
323 1327 423 1401 gravis
435 1346 560 1385 somnus
572 1331 767 1403 colubrasque
787 1326 947 1403 ipsamque
963 1327 1092 1398 tenebat,

156 1418 319 1491 eripuisse
334 1430 423 1491 caput
436 1422 524 1476 collo:
536 1418 705 1493 pennisque
716 1418 858 1494 fugacem

163 1511 310 1585 Pegason,
325 1528 354 1566 er
369 1509 493 1567 fratrem
509 1510 614 1569 matris
626 1512 665 1569 de
678 1512 827 1588 sanguine
840 1522 933 1570 natos.

163 1602 288 1661 Addidit
300 1613 332 1661 et
344 1606 435 1679 longe
448 1622 506 1661 non
520 1604 595 1663 falsa
608 1604 742 1680 pericula
756 1621 872 1663 cursusz

161 1692 239 1765 Quae
254 1692 339 1762 saeta,
352 1714 426 1771 quas
439 1706 534 1753 terma
549 1697 606 1754 sub
619 1716 653 1755 se
665 1696 787 1756 vidisset
802 1700 839 1757 ab
850 1700 921 1757 altos

162 1784 203 1843 Et
217 1803 284 1859 quae
297 1784 415 1862 jactatis
430 1787 579 1863 tetigisset
592 1788 691 1847 sidera
702 1789 817 1863 pennis.

163 1879 242 1935 Ante
255 1890 465 1953 exspectatum
479 1880 573 1938 tacuit
587 1894 700 1939 tamen
722 1880 847 1955 Excipit
859 1900 937 1941 unus

162 1968 189 2027 E
204 1986 330 2027 numeru
344 1988 516 2043 procerum,
527 1990 679 2047 quaerena,
690 1992 746 2030 cur
760 1976 823 2029 sola
837 1990 975 2032 sororum

160 2063 299 2122 Gesserit
312 2064 436 2124 alternis
448 2065 601 2124 immistus
614 2068 746 2126 crinibus
757 2086 883 2145 angues.

199 2155 321 2228 Hospes
333 2156 383 2223 ait,
397 2155 549 2228 Quoniam
564 2158 682 2216 scitaris
694 2160 786 2236 digna
799 2147 908 2229 relatu,

161 2245 278 2321 Accipe
292 2246 414 2321 qnaesiti
426 2265 557 2305 causam
580 2247 757 2305 Claeissima
769 2248 876 2317 lenna,

163 2341 394 2420 Multorumqup
410 2337 467 2398 fait
480 2357 552 2414 spes
563 2339 709 2398 invidiosa
722 2357 885 2415 procorum

107 2503 111 2508 Ι
163 2433 227 2500 Illa;
241 2431 341 2490 necin
355 2443 416 2490 tota
430 2433 619 2507 conspectior
631 2434 692 2490 ulla
704 2434 821 2509 capillis

118 2514 122 2519 ’
162 2525 236 2583 Pars
250 2523 313 2582 luit
334 2525 448 2592 Inveni,
462 2523 515 2600 qui
527 2543 561 2582 se
573 2523 686 2584 vidisse
702 2527 857 2585 referrent.

162 2617 248 2674 Hanc
263 2615 363 2691 pelagi
376 2627 476 2674 rector
490 2601 605 2690 templo
619 2616 741 2675 vitiasse
757 2618 907 2677 Minervae

163 2709 294 2767 Dicitur.
314 2711 432 2766 Aversa
445 2719 501 2776 est,
515 2721 545 2766 et
558 2721 658 2766 castos
669 2707 769 2786 aegide
783 2711 885 2766 vultus
928 2739 937 2748 ·

164 2804 245 2862 Nata
259 2801 342 2860 Joris
353 2800 440 2860 texit:
456 2817 529 2859 nese
545 2805 602 2860 boc
616 2801 740 2876 impune
754 2799 874 2869 luisset,

163 2893 360 2970 Gorgoneum
376 2903 479 2980 turpes
492 2893 607 2952 crinem
621 2895 747 2952 mumvit
760 2893 791 2951 in
805 2894 924 2971 hydros.

163 2987 255 3044 Nunc
270 3003 400 3060 quoque,
414 2997 445 3042 ut
458 2987 597 3046 attonitos
611 2987 770 3044 formidine
783 2998 894 3047 terrem
908 2989 1021 3063 hostes,

163 3077 311 3194 Pectore
303 3095 333 3136 tn
333 3055 484 3149 adverso,
496 3093 579 3152 quos
586 3079 667 3151 fecit,
679 3078 807 3139 stutiuet
818 3095 946 3153 angues
989 3075 992 3081 ’
