2400 4100
405 259 487 322 utu.
502 262 528 321 1.
542 261 635 322 FAB.
649 259 739 320 xlv.

112 409 216 486 Atque
227 407 269 469 ita
283 406 452 498 disparibus
463 408 588 470 calamis
601 405 782 483 compagine
793 424 875 468 certe

113 501 197 562 Inter
210 521 242 562 se
254 500 369 582 junctis
381 519 491 567 nomen
503 504 642 562 tonuisse
653 501 776 576 puellae.

228 769 309 842 Argi
322 771 404 828 Oculi
414 773 445 828 in
460 771 592 828 dandam
600 771 745 828 Peucetio.
765 786 840 828 run.
852 785 928 828 1111.

150 890 261 957 Tinna
271 889 416 961 dicturus,
427 889 503 949 vidit
514 887 672 966 Cyllenius
686 907 794 948 omues

113 981 316 1044 succubuisse
329 985 443 1055 oculos,
454 985 657 1060 adopertaque
671 983 788 1042 lumina
800 997 916 1040 somno.

46 1101 50 1108 ·
112 1075 283 1152 Supprimit
297 1079 451 1154 extemplo
463 1095 582 1149 vocem,
602 1075 763 1154 firmatque
776 1092 929 1152 soporem,

111 1167 269 1245 Languida
281 1172 474 1248 permulcens
487 1168 638 1230 medicata
647 1170 763 1230 lumina
776 1168 870 1246 virga

111 1259 178 1320 Nec
191 1280 288 1334 mora3
309 1263 417 1324 falcato
429 1275 587 1324 nutantem
599 1267 737 1327 vulnerat
750 1282 836 1333 ense,

112 1351 179 1426 Qua
193 1357 274 1414 collo
289 1357 405 1416 confine
419 1371 519 1433 capute
540 1376 675 1434 saxoque
688 1368 852 1416 cruentum

112 1444 240 1524 Dejicit;
261 1457 294 1506 et
303 1450 435 1508 maculat
448 1459 633 1523 praeruptam
643 1447 791 1525 sanguine
801 1456 931 1505 cautem.

148 1541 248 1615 Arge,
257 1537 355 1616 jacese
377 1541 517 1614 quodque
530 1538 563 1596 in
578 1549 621 1596 tot
634 1540 751 1599 lumina
761 1539 866 1597 lumen
882 1537 1016 1608 habolam

112 1630 292 1690 Extinctum
303 1641 359 1702 est3
380 1640 565 1706 centumque
579 1634 684 1689 oculos
698 1650 760 1690 nox
772 1643 902 1708 occupat
913 1647 982 1690 une.

112 1723 237 1800 Excipit
249 1725 313 1796 hos,
325 1722 518 1798 volucrisque
532 1741 597 1804 suae
611 1723 752 1784 Saturnia
763 1724 871 1800 pannis

113 1817 259 1888 Collocau
280 1829 311 1878 et
322 1816 456 1897 gemmis
472 1817 602 1877 caudam
617 1818 805 1878 stellantibus
817 1818 935 1894 implet.

374 2072 407 2129 1ο
420 2074 476 2129 siti
488 2072 614 2129 reddita.
634 2088 708 2129 run.
722 2088 793 2129 xlv.

152 2190 324 2252 Puornuus
336 2192 459 2260 exarsit,
469 2210 526 2249 nec
541 2202 681 2264 tempora
693 2191 810 2249 distulit
822 2190 889 2260 irae;

112 2284 368 2360 Horriferamque
382 2283 479 2343 oculis
494 2281 657 2357 animoque
671 2282 786 2360 objecit
801 2282 937 2359 Erinnys

114 2377 238 2437 Pellicis
252 2376 420 2455 Argolicae,
433 2375 636 2452 stimulosque
649 2374 680 2434 in
693 2386 817 2452 pectore
831 2396 926 2437 cecos

113 2470 266 2541 Condidit,
275 2481 306 2530 et
319 2468 479 2547 profugam
492 2487 548 2545 per
560 2480 658 2527 totum
671 2469 781 2529 terruit
793 2472 911 2531 orbem.

115 2562 254 2623 Ultimus
267 2562 419 2623 immenso
434 2564 578 2632 nectebas,
592 2561 676 2633 Nile,
689 2562 793 2621 labori.

114 2656 218 2729 Quem
233 2654 325 2715 simul
338 2674 373 2715 ac
386 2654 501 2732 tetigit,
513 2654 682 2731 positisque
693 2654 724 2713 iu
736 2655 873 2731 margine
886 2654 961 2733 ripae

40 2811 44 2825 ι
111 2748 279 2808 Procubuit
291 2746 429 2827 genibus,
442 2747 645 2825 resupinoque
659 2748 752 2807 ardua
765 2750 852 2819 collo,

113 2840 201 2913 Quos
214 2842 319 2917 potuit,
333 2844 413 2901 solos
424 2840 531 2903 t'ollens
545 2843 582 2901 ad
598 2844 698 2902 sidera
711 2846 821 2915 vultus,

112 2934 155 2993 Et
169 2936 299 3009 gemitu,
312 2948 343 2995 et
352 2936 502 3013 lacrymis,
515 2948 546 2996 et
559 2936 711 2996 luctisono
721 2938 844 3015 mugitu

113 3028 196 3087 Cum
210 3029 285 3087 Jove
297 3030 361 3087 visa
375 3029 462 3105 queri
476 3039 532 3099 est,
544 3028 700 3105 finemque
712 3048 798 3088 orare
812 3031 971 3090 malorum.

113 3118 265 3199 Conjugis
278 3120 328 3181 illo
343 3140 407 3194 suaa
420 3124 600 3198 complexus
614 3125 690 3204 colla
705 3122 833 3192 lacertis,

113 3211 212 3272 Finiat
225 3227 258 3272 ut
270 3232 373 3290 poenas
386 3218 516 3286 tandem,
528 3226 626 3292 rogan
647 3217 743 3293 Inque
753 3215 891 3276 futurum

114 3307 198 3377 Pone
211 3319 324 3379 metus,
337 3308 444 3384 inquit,
457 3326 612 3384 nunquam
624 3306 677 3367 tibi
691 3329 780 3370 causa
793 3305 903 3366 doloris

115 3398 194 3459 Haec
209 3400 276 3459 crit:
297 3411 329 3457 et
343 3400 558 3479 Stygiasjubat
571 3402 628 3458 hoc
640 3402 743 3461 audire
757 3400 891 3477 paludes.

116 3492 161 3551 Ut
173 3491 266 3552 lenita
277 3492 345 3551 llea
358 3496 531 3563 suffultus
541 3491 622 3569 capit
633 3493 684 3553 illa
696 3475 821 3569 priores:

118 3584 227 3667 Fitque
241 3588 321 3663 quod
333 3599 403 3672 ante
416 3586 482 3647 luit.
499 3582 636 3666 Fugiunt
648 3608 666 3646 e
679 3605 805 3663 corpore
818 3599 904 3647 setae:
