2400 4100
448 224 739 323 unumnv.
1007 304 1021 337 ,

156 581 310 637 Pieridum
323 579 477 641 Certamen
487 596 553 636 cum
564 576 673 633 Maria.
688 576 745 631 Dii
756 592 775 630 a
791 574 1029 650 leltleasagati,

258 692 342 743 reque
356 682 497 728 medorum
508 676 541 727 in
559 672 659 727 Variae
672 670 804 725 Formae.
818 685 892 727 ran.
901 688 933 725 u.

167 793 267 851 Musa
282 792 468 869 loquebatur.
492 792 603 851 Pennae
617 810 744 849 sonuere
758 808 813 866 per
826 808 924 851 aurast

129 887 262 961 Voxque
277 888 455 947 salutantum
472 880 564 942 ramis
579 884 716 942 venielrat
729 884 765 940 ab
777 882 857 941 altis.

131 978 274 1053 Suspicin
288 989 319 1035 et
332 976 443 1053 linguae
458 976 568 1053 quaerit
580 988 642 1033 tam
657 988 741 1033 certa
755 979 913 1051 loquentes

131 1074 220 1129 Unde
236 1082 354 1129 sonent:
366 1064 586 1145 hominemque
599 1081 685 1144 putat
697 1070 772 1127 Jove
784 1082 853 1127 nata
865 1072 1009 1130 locutum.

130 1166 205 1221 Ales
219 1178 312 1231 erant3
326 1182 512 1239 numeroque
526 1180 635 1243 novem
649 1180 701 1220 sua
713 1158 772 1220 luta
782 1175 945 1239 querentes

131 1256 304 1337 institerant
317 1258 408 1313 ramis
422 1256 572 1314 imitantes
586 1254 689 1313 omnia
701 1255 788 1331 picae.

131 1347 258 1405 Miranti
272 1348 317 1403 sic
332 1366 398 1404 orsa
413 1348 489 1406 Deae
504 1350 581 1405 Dea:
599 1348 706 1420 Nuper
719 1361 749 1405 et
759 1348 827 1414 istae

132 1442 295 1497 Auxerunt
311 1440 467 1496 volucrum
481 1438 567 1497 victae
579 1439 745 1495 certamine
760 1444 887 1500 turbam.

132 1532 240 1589 Pierus
255 1534 307 1587 has
322 1530 428 1605 genuit
442 1530 563 1589 Pellaeis
573 1530 660 1589 'dives
674 1529 703 1587 in
715 1529 804 1588 arvis.

131 1623 252 1681 Paeonis
268 1623 363 1697 Eripe
377 1637 475 1681 mater
489 1622 555 1682 fuit:
570 1624 621 1682 illa
635 1637 792 1699 potentem

131 1710 280 1773 Lucinam
294 1715 408 1781 novies,
421 1717 525 1774 novies
538 1716 670 1791 paritura
682 1716 809 1775 vocarit.

132 1806 281 1865 Intumuit
296 1826 422 1865 numero
437 1808 612 1867 stolidarum
622 1812 710 1867 turba
722 1828 870 1869 sororum:

132 1900 253 1973 Perque
267 1910 311 1955 tot
325 1898 512 1968 Haemonias,
525 1912 556 1958 et
569 1918 625 1975 per
636 1914 681 1958 tot
696 1902 846 1958 Achaidas
860 1905 949 1962 urbes
980 1894 989 1907 ’

133 1994 205 2052 Huc
219 1993 311 2052 venit:
327 2004 356 2051 et
368 1993 626 2056 talieommittunt
640 1992 746 2069 praelia
758 2013 843 2064 voce;

135 2085 272 2144 Desinite
286 2085 441 2144 indoctum
455 2105 528 2145 vana
541 2087 701 2146 dulcedine
715 2071 826 2162 uulgus

134 2177 467 2245 FallereaNobiscum,
481 2179 508 2234 si
520 2197 579 2252 qua
594 2191 642 2234 est
654 2174 766 2233 fiducia
778 2177 873 2247 vobis,

137 2267 329 2344 Thespiades
339 2279 453 2324 certate
467 2267 554 2325 Deaez
568 2285 626 2324 nec
637 2283 724 2332 voce,
732 2285 791 2323 nec
803 2278 866 2324 arte

136 2364 319 2428 Vincemun
333 2359 519 2435 totidemque
535 2377 649 2418 sumus.
670 2359 731 2415 vet
746 2359 841 2419 cedite
854 2357 942 2420 rictae
981 2419 992 2438 ‚
1058 2385 1070 2404 ·

103 2497 109 2504 .
138 2455 234 2512 Fonte
247 2455 414 2532 Medusaeo,
428 2463 458 2510 et
471 2453 608 2528 Hyantea
622 2450 794 2528 Aganippe:

137 2549 199 2606 Vel
213 2537 432 2604 nos'Emathiis
445 2546 482 2602 ad
496 2545 623 2603 Paeonas
635 2564 732 2619 usque
743 2543 863 2603 nivosos

139 2639 292 2697 Cedamus
304 2637 429 2713 campis.
446 2631 599 2694 Dirimant
613 2636 779 2694 certamina
792 2638 953 2714 Nymphae.

141 2731 245 2806 Turpe
260 2728 385 2810 quidem
399 2731 580 2788 contendere
595 2740 669 2795 erat;
686 2730 738 2786 sed
753 2731 860 2788 cedere
876 2731 974 2790 risum

142 2823 287 2899 Turpius.
300 2825 415 2881 Electae
425 2821 527 2899 jurant
538 2841 593 2898 per
603 2817 728 2880 flumina
739 2821 903 2898 Nymphae‚

140 2916 291 2990 Factaque
305 2911 342 2972 de
356 2913 424 2972 uiro
438 2932 578 2989 pressere
593 2913 698 2971 sedilia
713 2933 793 2971 saxo.

143 3009 243 3076 Tunc,
257 3007 320 3064 sine
334 3016 414 3064 sorte
428 3006 518 3080 prior,
530 3025 601 3081 quae
617 3025 649 3064 se
661 3020 778 3066 certare
792 3008 927 3093 professa
936 3021 1050 3079 'erem
1057 3051 1074 3094 3²

36 3166 44 3174 ¹
108 3159 110 3163 ,
143 3101 226 3160 Bella
240 3099 319 3156 canit
334 3100 498 3173 Superum:
514 3098 653 3174 falsoque
663 3100 691 3156 in
707 3103 820 3157 honore
833 3099 970 3176 gigantes
1043 3096 1063 3122 “

143 3192 241 3258 Ponit,
251 3203 282 3248 ct
295 3203 437 3249 emenuat
449 3207 629 3265 magnorum
642 3191 879 3248 facta'Deorum:
998 3189 1002 3196 “

144 3283 362 3360 Emlesumque
376 3283 438 3342 ima
451 3285 489 3342 de
503 3283 574 3341 sede
585 3283 732 3358 Typho'e'a
741 3295 831 3342 terrae

105 3367 107 3370 ¹
145 3376 300 3434 Caelitibus
313 3375 422 3435 fecisse
433 3389 565 3448 metum3
581 3389 765 3450 cunctosque
778 3374 895 3434 dedisse
968 3447 976 3461 „

80 3542 90 3552 .
147 3466 251 3544 Terga
264 3467 357 3544 fugaet
371 3471 466 3538 donec
480 3471 574 3527 fessos
590 3469 726 3544 AEgyptia
738 3471 842 3526 tellus·
866 3482 869 3490 ’

145 3561 281 3637 Ceperit,
293 3573 323 3620 et
338 3573 457 3647 septem
472 3549 624 3622 discretus
634 3561 666 3619 in
676 3560 753 3619 ostia
764 3559 865 3620 Nilus.
