2400 4100
335 224 360 297 Ϊ
443 268 576 329 irnv.
598 266 760 327 ranvi.
1026 276 1101 342 87.

142 412 216 471 Inde
229 412 329 473 tremit
341 414 441 481 tellus3
457 427 488 471 et
501 432 553 472 rex
567 425 654 489 pavet
666 412 730 487 ipse
744 410 896 484 silentum,

139 507 189 563 Ne
206 518 311 579 pateat,
326 509 441 581 latoque
457 508 553 565 solum
569 517 721 581 retegatur
735 505 827 575 biatu;

140 598 360 674 Immissusque
374 598 437 663 dies
450 597 630 671 trepidantes
644 608 751 655 terreat
764 600 893 657 umbras.

141 694 226 751 Hanc
240 708 375 751 metuens
390 692 513 757 cladem,
528 694 683 747 tenebrosa
696 691 767 748 sede
780 704 921 764 tyrannus

95 859 100 865 Π
140 786 274 844 Exierat:
288 802 438 859 curruque
452 798 584 842 atrorum
599 796 701 839 vectus
715 801 862 857 equorum

139 875 281 935 Ambibat
296 876 405 935 Siculae
417 885 522 933 cautus
536 873 710 931 fundamina
721 886 820 933 terrae.

138 970 298 1044 Postquam
312 972 498 1043 exploratum
512 965 583 1024 satis
596 978 651 1033 est,
666 967 730 1023 loca
743 967 826 1025 nulla
846 967 953 1036 labara

139 1060 336 1135 Depositique
349 1074 459 1120 metus:
475 1060 553 1118 videt
569 1062 649 1117 hunc
665 1060 793 1133 Erycina
806 1071 967 1134 vagantem

140 1153 243 1212 Monte
258 1172 313 1211 suo
326 1154 469 1221 residens,
481 1164 644 1229 natumque
658 1144 800 1228 ampiexa
810 1154 974 1222 volucrem

140 1246 244 1311 Arma,
258 1250 422 1321 manusque
435 1264 525 1313 meae;
539 1264 617 1314 mea,
631 1258 707 1313 nate,
720 1246 860 1322 potentia,
875 1245 961 1317 dixit,

140 1337 203 1405 Illa,
216 1338 325 1411 quibus
341 1354 463 1410 superas
476 1356 592 1404 omnes,
605 1356 677 1411 cape
691 1342 759 1407 tela,
770 1340 898 1413 Cupido,

141 1430 236 1505 Inque
253 1429 311 1486 Dei
327 1440 432 1503 pectus
445 1432 556 1485 celeres
571 1427 677 1485 molire
688 1430 821 1501 sagittas,

141 1521 199 1579 Cui
212 1520 338 1595 tripIieis
352 1520 444 1578 cessit
458 1519 575 1579 fortuna
587 1518 751 1578 novissima
764 1516 860 1595 regni.

140 1611 191 1671 Tu
205 1617 345 1688 Superos,
357 1612 516 1686 ipsumque
531 1612 649 1680 Jovem,
665 1623 696 1670 tu
711 1610 833 1670 numina
846 1613 929 1687 ponti

141 1703 230 1763 Victa
244 1706 359 1772 domus,
374 1705 533 1779 ipsumque
547 1705 623 1779 regit
635 1703 687 1779 qui
699 1705 824 1762 numina
838 1703 929 1779 ponti.

141 1796 265 1855 Tartara
278 1798 348 1871 quid
363 1796 490 1855 cessant?
504 1814 559 1853 eur
570 1814 629 1852 non
641 1796 805 1869 matrisque
818 1808 966 1871 tuumque

142 1888 310 1963 Imperium
322 1886 449 1965 profers?
465 1887 565 1963 agitur
577 1906 644 1962 pars
657 1886 745 1947 tertia
756 1888 870 1945 muudi.

142 1980 182 2039 Et
195 1992 293 2057 nmen
307 1980 338 2037 in
351 1982 437 2049 coelo,
453 1998 520 2056 quae
534 1980 597 2060 jam
611 1978 752 2056 patientia
764 1991 865 2037 nostra
877 1989 933 2049 est,

144 2072 330 2146 spernimur:
345 2093 378 2130 ac
391 2088 514 2134 mecum
530 2073 609 2132 vires
623 2085 784 2131 tenuantur
796 2072 931 2130 Amoris.

141 2163 260 2220 Pallada
273 2181 369 2220 nonne
384 2166 475 2229 vides,
486 2164 753 2242 jaculatricemque
767 2164 897 2222 Dianam

143 2254 337 2312 Abscessisse
350 2253 436 2310 mihi?
450 2253 569 2310 Cereris
583 2270 701 2326 quoque
712 2252 774 2309 fitia
786 2253 883 2328 virgo,

144 2347 176 2405 Si
190 2349 347 2422 patiemur,
363 2345 431 2403 erio
447 2363 515 2402 nam
530 2363 599 2419 spes
613 2345 732 2404 affectat
744 2347 878 2403 easdem.

144 2440 242 2514 Attu,
257 2458 311 2514 pro
325 2439 415 2509 socio,
430 2439 455 2495 si
470 2447 587 2514 quaest
601 2457 668 2497 mea
684 2439 790 2515 gratia,
803 2458 906 2517 regno,

144 2532 243 2608 Junge
259 2529 356 2590 Deam
368 2543 482 2604 patruo.
497 2530 586 2589 Dixit
599 2531 714 2589 Venus.
732 2532 786 2590 IIIe
800 2536 969 2609 pharetram

145 2621 250 2682 Solvio
265 2635 296 2680 et
309 2621 432 2680 arbitrio
444 2620 547 2678 matris
562 2623 599 2680 de
613 2621 696 2680 mille
710 2623 827 2698 sagittis

146 2716 245 2774 Unam
262 2714 409 2790 seposuit:
424 2714 478 2771 sed
493 2731 552 2788 qua
566 2713 750 2772 necacutior
763 2717 834 2784 ulia,

146 2807 213 2866 Nec
228 2806 455 2890 minuslincerta
467 2819 522 2876 est,
535 2823 591 2865 nec
606 2825 674 2882 quae
687 2804 787 2884 magis
799 2807 899 2869 audiat
910 2826 1025 2872 arcum

147 2899 353 2975 oppositoque
367 2917 447 2974 genu
462 2899 594 2958 curvavit
606 2899 709 2958 flexile
725 2919 828 2961 cornu:

147 2991 241 3068 Inque
255 3009 309 3048 cor
322 2993 436 3048 hamata
450 2991 596 3064 percussit
609 2994 748 3051 arundine
764 2994 879 3053 Ditem.

145 3081 236 3142 Haud
249 3085 353 3159 procui
364 3083 510 3141 Hennaeis
523 3086 606 3141 lacus
618 3099 663 3142 est
675 3105 693 3143 a
706 3087 855 3145 moenibus
867 3089 945 3158 altae,

146 3175 279 3234 Nomine
293 3178 421 3252 Pergus,
435 3193 533 3251 aquae.
554 3177 623 3233 Non
635 3177 689 3236 illo
701 3182 786 3254 piura
798 3181 939 3252 Caystros

146 3267 288 3326 Carmina
302 3287 466 3344 cygnorum
482 3269 646 3328 labentibus
657 3271 740 3330 audit
753 3270 785 3328 in
797 3270 895 3327 undis.

119 3429 128 3442 ἱ
147 3359 228 3418 Silva
240 3359 362 3419 coronat
374 3381 475 3437 aquas,
490 3361 615 3437 cingens
625 3364 702 3422 latus
714 3382 814 3432 omne,
827 3363 949 3439 suisque

148 3453 326 3522 Fraudibus,
338 3464 372 3515 ut
385 3458 462 3521 velo,
479 3457 620 3514 Phoebeos
635 3461 790 3516 submovet
805 3454 900 3533 ignes.

148 3543 275 3623 Frigora
287 3546 357 3604 daut
367 3547 455 3618 rami,
469 3547 579 3622 Tyrios
590 3550 703 3609 humus
714 3549 839 3609 humida
850 3548 947 3610 flores.
1002 3573 1005 3579 ¹
