2400 4100
117 252 166 318 40
428 242 720 302 unrnntonru.

118 389 232 446 Moenia
245 397 325 445 mots
336 385 440 445 forent.
459 389 588 466 Serpens
603 390 666 447 sine
678 389 797 447 vulnere
810 388 930 458 mansit,

116 483 289 556 Loricaeque
303 482 390 541 modo
404 482 533 557 squamis
543 483 690 551 defensus,
701 494 731 540 et
743 493 814 541 atrae
876 493 880 499 '
952 493 955 499 '
998 496 1002 503 '

117 573 234 632 Duritia
244 572 339 648 pellis,
352 574 460 632 validos
473 586 540 633 cute
554 562 683 652 reppulit
696 575 782 633 ictus.
857 567 860 573 ’

117 667 230 724 Aenon
246 665 351 724 duritia
359 664 493 742 jaculum
508 687 624 742 quoque
637 668 726 725 vincit
740 669 844 725 eadem
850 688 863 735 32
918 684 923 694 '
994 661 1000 669 ’

118 759 205 830 Quod
218 758 316 838 medio
327 759 414 816 ientae
431 757 526 816 fixum
540 750 711 818 curuamine
723 761 817 835 spinae

118 849 266 917 Constitit3
287 860 316 908 et
326 861 386 908 toto
397 840 548 910 descendit
556 854 589 908 in
603 852 653 910 iiia
665 853 751 911 ferro.

118 943 184 1010 Ille,
195 943 293 1001 dolore
306 942 398 1011 ferox,
412 950 499 1020 eaput
511 943 541 1000 in
557 963 609 1002 sua
621 954 704 1022 terga
717 945 842 1005 retorsit:
857 982 859 987 ·
876 982 879 987 ,
922 936 927 962 ³
977 954 982 969 '

118 1036 311 1112 Vulneraque
326 1037 468 1110 adspexit,
482 1029 637 1112 fixumque
653 1037 754 1096 hastile
767 1039 932 1097 momordit.
950 1093 953 1099 ,
1011 1074 1035 1083 ·›

119 1128 222 1203 quue,
233 1127 284 1184 ubi
297 1125 325 1184 ri
338 1132 432 1187 multa
444 1142 559 1203 partem
571 1130 704 1189 labefecit
715 1134 744 1189 in
757 1138 889 1200 omnent,

118 1219 183 1277 Vix
196 1231 281 1296 tergo
293 1219 407 1296 eripuit.
430 1223 555 1281 Ferrum
567 1209 670 1282 tamen·
680 1226 795 1282 ossibus
806 1227 909 1282 haeret.

120 1311 203 1370 Tum
217 1331 296 1382 vero,
309 1327 464 1389 postquam
479 1317 576 1374 solitas
590 1317 712 1375 accessit
724 1320 760 1375 ad
767 1317 832 1376 ‘iras

119 1406 211 1482 Plaga
223 1425 334 1477 recens,
348 1406 442 1481 plenis
455 1419 631 1476 tumuerunt
642 1420 761 1484 guttura
773 1408 866 1466 reniet
952 1403 956 1408 ’

121 1497 291 1574 spumaque
303 1498 457 1574 pestiferos
471 1501 758 1559 circumfluit··albida
771 1500 882 1557 rictum
915 1513 918 1519 ·
1024 1495 1028 1500 ’

121 1591 149 1646 Γ
150 1609 272 1666 ortaque
287 1609 351 1648 rasa
365 1602 447 1646 sonat
460 1591 602 1663 squamis
622 1592 733 1664 quique
748 1590 856 1648 halitus
867 1588 930 1647 exit

122 1683 184 1741 Ore
198 1684 284 1757 niger
296 1679 400 1757 Stygio
414 1680 525 1738 vitiatas
537 1681 631 1737 inficit
645 1698 741 1738 auras

122 1776 189 1848 Ipse
202 1775 308 1848 modo
301 1771 594 1860 rmpnensumppiris
597 1765 883 1870 iacientibuspdmm

122 1866 272 1943 Cingituq
293 1866 437 1952 intertium
453 1867 539 1951 longa
552 1869 636 1965 trabe,
646 1868 760 1939 rectior
762 1842 832 1924 eirit.

123 1961 239 2034 Inrpete
248 1977 328 2038 punc
342 1971 431 2037 vasto,
444 1967 512 2022 ceu
516 1957 649 2016 concitus
663 1960 806 2018 imbribus
819 1959 924 2035 timuis,

122 2052 240 2122 Ferrum
261 2062 293 2114 eb
303 2054 447 2133 obstamus
462 2054 618 2136 propurbst
625 2064 743 2125 pectore
756 2050 855 2111 siivas.

124 2144 210 2203 Cedit
223 2143 406 2243 Agenorides
421 2144 564 2249 paudum.
587 2146 740 2219 spolioque
751 2134 847 2220 iepnis
888 2156 900 2189 ι’
961 2161 964 2173 ¹

125 2238 274 2297 Sustinet
268 2230 413 2305 incursus,
426 2236 618 2311 instantiaque
631 2245 683 2293 ora
694 2232 881 2295 retardat-⁵m

126 2332 254 2403 Cuspide
269 2340 420 2405 praetents.
438 2330 520 2387 Furit
535 2329 594 2395 itte,
609 2330 742 2385 etinania
754 2330 841 2385 doro

125 2424 260 2481 Vulnera
269 2425 318 2480 dat
329 2423 415 2480 ferro:
435 2422 559 2499 figitque
573 2423 601 2479 in
614 2417 748 2480 acumine
759 2423 870 2480 dentes.

127 2517 254 2591 Jamque
267 2516 432 2585 venenifero
445 2518 564 2593 sanguis
578 2532 696 2573 manare
710 2516 806 2591 palato

127 2610 272 2683 Ceperat
292 2620 322 2667 et
336 2608 443 2668 virides
454 2610 608 2687 aspergine
621 2610 748 2669 tinxerat
760 2609 885 2681 herbasr

128 2702 187 2760 Sed
198 2704 262 2761 leve
273 2703 379 2761 vuinus
393 2716 465 2761 eretz
487 2706 556 2779 quia
569 2723 600 2761 se
614 2705 777 2761 retrahebat
790 2704 825 2758 ab
836 2700 909 2770 ictut

128 2795 275 2869 Laesaque
288 2798 362 2852 colla
375 2796 458 2853 dabat
470 2808 558 2861 retro;
581 2799 756 2871 plagamque
770 2795 873 2851 sedere
942 2775 950 2791 ⁸

130 2888 269 2945 Cedendo
281 2888 406 2954 arcebat,
418 2904 472 2943 nee
486 2888 603 2963 longius
617 2888 659 2945 ire
675 2886 793 2945 sinebat.
876 2897 879 2903 ’

130 2978 233 3037 Donec
243 2978 426 3055 Agenorides
439 2978 607 3055 conjectum
619 2981 648 3036 in
659 2990 781 3055 ⁴gutture
792 2976 904 3036 ferrum

129 3072 237 3146 Usque
249 3086 376 3145 sequens
388 3068 505 3144 pressit:
526 3072 597 3129 duni
613 3083 689 3129 retro
702 3085 831 3147 quercus
841 3068 924 3128 eunti

67 3178 69 3186 ’
130 3162 263 3231 Obstitit3
285 3176 314 3221 et
327 3161 385 3221 fixa
399 3172 443 3219 est
455 3163 563 3235 pariter
572 3182 643 3221 cum
653 3166 754 3221 robore
768 3161 879 3220 ceruix.

128 3259 262 3319 Pondere
277 3258 419 3332 serpentis
433 3268 551 3315 curvata
563 3271 608 3314 est
618 3260 712 3324 arbor,
724 3268 754 3314 et
765 3256 832 3312 imre
922 3266 926 3276 “

130 3351 218 3409 Parte
230 3348 372 3426 flagellari
386 3346 500 3426 gemuit
514 3368 567 3409 sua
579 3354 682 3407 robora
695 3349 809 3407 ceudae.

132 3442 216 3499 Dum
230 3440 357 3515 spatium
371 3442 463 3501 victor
474 3440 542 3499 victi
558 3444 720 3500 considerat
732 3441 839 3510 hostis;

133 3533 203 3593 Vox
212 3534 308 3593 subito
320 3535 418 3595 audita
429 3545 485 3595 estr
499 3532 610 3613 (neque
622 3547 685 3595 erat
696 3552 874 3614 cognoscere
886 3543 1059 3609 promptum
