2400 4100
409 251 489 314 LIB.
504 252 529 312 1.
549 251 643 313 Fas.
656 253 730 314 Vll.

109 392 204 457 C'ru'ra
215 409 273 456 nec
286 395 383 456 ablato
394 403 521 472 prosunt
534 396 651 465 velocia
662 415 761 458 cervo.

108 487 309 566 Quaesitisque
323 489 375 549 diu
390 490 488 558 torris,
500 490 551 550 ubi
563 489 664 551 sidere
677 492 791 561 detur,.

107 581 143 642 In
155 599 239 640 mare
253 583 370 642 lassatis
383 582 511 644 volueris
525 601 604 660 vaga
616 583 729 642 decidit
740 581 807 642 aiis.

108 675 257 735 Obruerat
268 678 402 734 tumulos
415 674 565 734 immensa
577 674 702 734 licentia
712 675 808 752 ponti,

107 769 323 845 Pulssbuntque
336 767 407 826 novi
419 779 560 828 montana
569 767 728 827 cacumina
740 767 860 828 fluctus.

107 860 245 920 Maxima
257 878 327 936 pers
339 862 416 920 unda
428 860 553 936 rapitur-s
575 859 685 936 quibus
697 862 777 920 unda
788 861 936 937 pepercit,

107 953 179 1014 Illos
192 956 285 1031 longa
296 954 418 1014 domant
427 951 511 1030 inopi
521 949 639 1030 jejunia
651 950 742 1012 uictu.

143 1045 272 1120 Separat
284 1044 400 1107 Aiinim
411 1045 527 1106 Actaeis
540 1044 650 1104 Phocis
663 1046 700 1104 ab
712 1043 802 1116 arvis,

108 1111 204 1200 Teira
216 1139 310 1210 ferax,
323 1142 396 1202 dum
407 1153 489 1201 tona
500 1137 570 1198 fuit:
589 1139 642 1198 sed
656 1150 795 1214 tempore
808 1137 839 1196 i'n
851 1138 904 1200 ilio

105 1231 177 1290 Pars
188 1231 292 1303 maris,
301 1245 332 1292 et
344 1235 421 1294 lutus
435 1231 602 1292 subitarum
614 1248 741 1308 campus
752 1249 908 1308 equarum.

92 1335 95 1350 '
107 1322 197 1388 Mons
209 1323 252 1384 ibi
264 1314 431 1404 verticibus
441 1326 517 1400 petit
527 1327 638 1387 munus
649 1337 730 1384 astra
741 1326 866 1393 duobus,

25 1429 28 1444 ’
105 1414 241 1479 Nomine
252 1416 428 1484 Parnassus,
439 1425 621 1490 superatque
633 1416 789 1474 cacumine
801 1418 909 1474 nubes.

104 1505 164 1566 Hic
177 1507 229 1566 ubi
242 1505 410 1566 neucanon
424 1507 508 1584 (nam
521 1517 633 1566 caetera
644 1517 764 1564 texerat
777 1506 896 1585 aequor)

105 1599 185 1660 Ctim
197 1611 335 1660 consorte
348 1600 408 1660 tori
419 1617 510 1676 parra
525 1610 587 1658 rate
604 1611 708 1658 vectus
719 1599 856 1668 adbaesiu

105 1692 267 1769 Corycidas
278 1695 435 1769 nymphas,
449 1704 480 1754 et
489 1691 612 1752 numina
623 1692 734 1752 ruentis
746 1694 880 1764 odorant,

104 1783 330 1860 Fatidiosmque
343 1783 487 1856 Themin,
500 1803 569 1861 quae
580 1795 654 1844 tuuc
668 1787 768 1843 oracla
779 1787 909 1844 tenebat.

103 1876 174 1934 Non
188 1877 243 1936 illo
254 1876 365 1938 melior
378 1877 613 1954 quisquam,nee
625 1876 773 1937 amantior
787 1878 868 1954 aequi

104 1967 162 2026 vir
176 1968 243 2040 biit,
257 1981 308 2030 aut
318 1969 369 2028 illa
382 1969 566 2038 metuentior
578 1972 641 2030 ulla
654 1970 804 2030 Deorum.

103 2061 223 2137 Jupiter
233 2074 267 2123 ut
277 2061 400 2139 liquidis
412 2074 553 2143 stagnare
565 2063 725 2139 paludibus
736 2064 855 2136 orbem,

105 2154 146 2215 Et
157 2172 318 2231 superesse
329 2157 410 2217 videt
423 2159 461 2217 de
474 2168 519 2215 tot
530 2158 622 2216 modo
632 2157 766 2215 millibus
776 2176 886 2227 unum

105 2243 146 2305 Et
158 2264 320 2321 superesse
334 2247 416 2306 ridet
427 2250 465 2307 de
479 2258 524 2306 tot
537 2249 627 2305 modo
637 2248 771 2306 millibus
783 2266 886 2333 unam,

104 2339 254 2401 Itmocuos
264 2342 377 2411 ambos,
389 2342 521 2401 cultores
534 2339 669 2401 numinis
684 2344 800 2412 arabon
814 2400 818 2405 ,
887 2420 891 2425 ¹

103 2430 217 2490 Nubila
229 2431 361 2511 disjecit3
381 2432 550 2510 nimbisque
566 2432 716 2509 Aquilone
730 2434 875 2505 remotis,

103 2523 145 2583 Et
157 2526 235 2583 eoelo
248 2536 343 2583 terras
355 2526 495 2595 ostendit,
507 2537 538 2585 et
552 2512 665 2586 uiliora
676 2526 776 2587 terris.

104 2614 172 2674 Nec
184 2614 336 2693 maristirs
350 2630 461 2677 manet.
482 2617 643 2693 Positoque
654 2617 904 2693 uicuspidmtelo,

104 2704 224 2768 Mulcet
233 2725 326 2783 aquas
339 2720 435 2769 rector
445 2708 558 2789 pelagis
580 2728 730 2789 supraque
743 2713 925 2787 profundum

104 2799 296 2871 Exstantem,
309 2813 397 2877 atque
410 2807 553 2863 humeros
565 2802 667 2865 innato
679 2805 795 2864 murice
809 2820 924 2871 tectum

103 2891 284 2952 Coeruleum
298 2894 419 2955 Tritona
429 2908 524 2964 vocab
539 2900 723 2973 conchaeque
737 2899 839 2957 sonaci

104 2986 258 3061 inspirare
269 2987 365 3064 jtrbet,
378 2989 549 3064 fluctusque
563 2999 594 3046 et
605 2988 731 3048 flumina
742 2990 830 3066 signo

101 3080 122 3137 J
122 3098 171 3137 am
187 3097 328 3145 revocare
337 3080 413 3141 dato.
436 3084 517 3157 Cava
529 3078 658 3139 buccina
671 3082 799 3140 sumitur
810 3081 857 3153 ilii

104 3164 243 3241 Toitilis,
256 3171 391 3233 inlatum
400 3191 469 3249 quae
484 3170 605 3237 turbiue
617 3172 728 3233 crescit
741 3176 777 3232 ab
788 3174 864 3242 imos

104 3265 249 3334 Buecina,
263 3284 331 3341 quae
344 3264 446 3329 medio
460 3256 598 3342 concepit
611 3275 645 3336 ut
657 3270 727 3323 aera
736 3275 839 3342 ponto,

102 3358 222 3417 Littora
233 3376 308 3416 voce
323 3360 421 3433 rapiet
433 3360 488 3419 sub
502 3368 630 3431 utroque
643 3357 774 3434 jacentia
785 3358 902 3417 Phoebo.

101 3450 190 3509 Tum
203 3467 327 3529 quoque
339 3460 372 3510 ut
384 3468 436 3508 ora
449 3446 509 3509 Dei
524 3445 643 3505 madida
653 3448 782 3506 rorantia
794 3450 889 3509 barba
957 3450 962 3459 ’

102 3540 252 3619 Contigit,
264 3554 297 3608 et
310 3540 420 3611 cecinit
430 3542 533 3623 jussos
545 3538 646 3605 inflata
660 3550 809 3616 receptus,
