2400 4100
149 223 240 292 112.
462 206 752 311 METAMORPH.
769 211 790 248 '·
838 301 842 311 „
899 251 907 266 ·

146 366 185 424 Et
199 365 286 422 modo
297 359 431 420 sublimis
444 361 534 420 veluti
544 365 583 422 tle
597 331 706 424 senice
719 363 827 424 montis

83 499 94 520 2
108 451 114 464 ⁴
144 455 305 531 Despicere
320 455 350 514 in
364 457 462 522 valles,
474 453 631 531 imumque
645 457 814 516 Acheronta
826 436 949 521 videtdr:

144 551 175 608 N
177 567 243 623 urie,
257 535 307 608 ubi
320 549 479 606 demissam
493 565 617 608 curvum
632 549 826 610 circumstetit
840 570 951 629 aequor,
1056 607 1060 612 .

144 639 300 715 Suspicere
314 635 428 696 inferno
438 657 591 698 summum
602 641 638 702 de
651 626 771 718 gurgite
786 647 905 704 coelum.

144 731 232 806 Saepe
247 733 296 790 dat
309 730 459 810 ingentem
471 731 563 790 ductu
576 735 652 791 latus
665 734 722 793 icta
735 735 898 813 fragorems

143 824 209 882 Nec
221 824 325 882 laevius
337 827 449 899 pulsata
460 836 552 893 sonat,
564 843 654 901 quam
669 827 782 887 ferreus
794 832 867 889 olim

142 919 221 982 Cum
236 919 346 974 laceras
360 915 436 974 aries
448 917 595 975 ballistave
610 921 738 977 concutit
749 939 840 979 arces.

144 1011 244 1086 thue
258 1013 362 1078 solent,
375 1012 502 1084 sumptis
515 1010 545 1066 in
559 1029 649 1069 cursu
665 1010 783 1082 viribus,
798 1013 840 1072 ire

141 1107 263 1166 Pectore
276 1105 305 1162 in
318 1123 400 1164 arma
413 1105 476 1174 feri,
489 1115 691 1180 praetentaque
705 1109 763 1164 tela
777 1109 888 1179 leones3

142 1195 193 1256 Sic
207 1199 254 1254 ubi
269 1215 300 1256 se
313 1195 406 1254 ventis
417 1195 566 1256 admiserit
580 1199 657 1255 unda
669 1200 787 1269 coesus,

141 1293 205 1362 Ibat
217 1290 248 1347 in
259 1287 341 1348 arma
356 1288 435 1356 ratim
449 1291 600 1365 multoque
614 1306 675 1349 emt
688 1294 773 1350 altior
785 1292 853 1352 illis.

141 1391 266 1466 Jamque
280 1392 375 1447 labant
387 1389 484 1456 cunci,
498 1391 677 1466 spoliataque
690 1392 823 1469 tegmine
835 1411 912 1455 cerae

141 1485 231 1543 Rima
244 1494 333 1557 pateta
347 1484 516 1556 praebetque
529 1481 607 1550 viam
621 1484 754 1541 letalibus
767 1485 862 1542 undis.

141 1578 220 1636 Ecce
234 1576 341 1633 cadunt
354 1574 429 1649 largi
446 1575 578 1630 resolutis
593 1576 714 1631 nubibus
727 1574 847 1632 imbrese
919 1604 925 1616 ·

127 1671 236 1745 'loque
249 1665 358 1726 fretum
370 1669 472 1724 credas
486 1677 580 1724 totum
596 1668 773 1725 descendere
786 1670 909 1726 coelums

141 1763 235 1838 Inque
250 1761 350 1836 plagas
362 1757 432 1816 coeli
441 1757 637 1815 tumefactum
647 1761 802 1816 ascendere
816 1772 949 1833 pontum.

140 1855 217 1913 Vela
230 1855 350 1912 madent
360 1849 479 1920 nimbis
491 1861 521 1908 et
534 1869 606 1908 cum
622 1851 790 1909 coelestibus
805 1852 888 1908 undis

142 1949 295 2022 Equoreae
311 1945 472 2002 miscentur
483 1942 682 2018 aquae.=Caret
693 1941 812 2018 ignibus
825 1945 928 2012 aethen

120 2093 124 2099 .
141 2039 288 2114 Caecaque
300 2055 358 2095 nox
371 2035 517 2113 premitut·
529 2034 657 2094 tenebris
672 2037 846 2111 hyemisque
859 2035 989 2114 suisque.

140 2128 314 2191 Discutiunt
327 2140 427 2187 tamen
442 2132 502 2193 bas,
516 2132 705 2203 praebentque
720 2129 858 2187 micantia
867 2134 970 2188 lumen

141 2222 287 2283 Fulmina:
302 2220 453 2281 fulmineis
465 2222 620 2279 ardescunt
631 2220 749 2296 ignibus
760 2224 851 2277 undae.

141 2316 203 2373 Dat
215 2329 334 2390 quoque
344 2314 408 2388 jam
422 2313 512 2377 saltus
526 2310 602 2369 intra
615 2330 685 2368 cava
698 2324 777 2370 texta
789 2313 897 2371 carlnae
984 2339 988 2348 ⁴

142 2409 276 2465 Fluctus=
292 2416 331 2470 et,
344 2416 375 2461 ut
390 2404 476 2461 miles
491 2420 616 2459 numero
629 2402 816 2475 praestsntior
828 2403 922 2473 omni,

38 2483 42 2490 .
137 2501 222 2576 ,Cum
235 2514 314 2569 saepe
326 2493 438 2553 assiluit
452 2493 579 2553 delensae
594 2495 741 2552 moenibus
755 2495 846 2564 urbis,

142 2580 203 2663 S'pe
217 2588 327 2663 potitur
340 2588 467 2654 tandem3
482 2587 634 2663 laudisque
649 2604 791 2644 accensus
802 2606 904 2646 amore

143 2684 223 2739 lnter
238 2678 318 2738 mille
333 2679 419 2748 viros,
433 2696 554 2737 murum
566 2692 664 2736 tamen
677 2687 802 2753 occupat
814 2698 901 2738 unus.
999 2678 1007 2690 '

108 2798 113 2803 ·
144 2774 194 2831 Sic
209 2775 256 2831 ubi
271 2760 427 2847 pulsarunt
439 2764 522 2828 acres
536 2773 626 2841 latera
639 2772 728 2829 ardua
741 2771 867 2842 fluctusf

143 2864 265 2923 Vastius
276 2864 434 2937 insurgens
446 2860 571 2921 decimae
580 2863 641 2922 ruit
651 2860 781 2937 impetus
793 2866 893 2923 undaee

143 2959 175 3017 N
177 2977 211 3015 ec
225 2955 308 3031 prius
321 2954 431 3015 absistit
443 2954 550 3013 fessam
563 2973 736 3031 oppugnare
747 2957 886 3026 carinam,

142 3052 246 3125 Quam
262 3051 339 3107 velut
351 3048 379 3104 in
391 3060 484 3123 captae
497 3046 657 3108 descendat
668 3048 779 3106 moenia
792 3048 882 3106 navis.

144 3145 217 3203 Pars
230 3142 321 3219 igitur
332 3144 457 3201 tentabat
470 3140 564 3199 adhuc
574 3140 710 3198 invadere
721 3140 835 3215 pinmm

145 3238 218 3295 Pers
231 3234 320 3293 maris
334 3234 414 3302 intus
426 3246 497 3291 erat.
521 3234 773 3310 Trepidanthaud
785 3232 906 3306 segnius
917 3250 1050 3305 curnem·

146 3326 245 3399 Quam
259 3329 333 3385 solet
344 3328 424 3393 urbs,
438 3324 503 3382 aliis
517 3314 639 3384 murum
653 3324 825 3383 fodientibus
837 3340 933 3396 extre,
1026 3318 1030 3325 ¹

146 3420 245 3491 Atque
257 3416 323 3475 aliis
336 3433 467 3484 murum,
481 3416 637 3491 trepidare,
651 3422 814 3475 tenentibus
828 3420 915 3476 intus.
1032 3411 1036 3417 ⁴
1059 3405 1063 3413 ’

146 3506 254 3567 Deficit
267 3528 323 3567 ars:
336 3504 484 3585 anianique
498 3512 616 3569 cadunt:
629 3503 809 3586 totidemque
823 3512 968 3579 videntur,
