2400 4100
457 173 538 234 LIB.
551 176 577 234 1.
597 173 688 234 Fan.
703 175 751 236 lv

334 487 554 570 Quattuor-Anni
572 489 723 557 Tempora.
744 506 815 548 ens.
827 509 859 550 tv

174 611 360 674 Posrauasq
374 607 501 668 Saturno
512 610 673 668 tenebrosa
685 608 716 666 in
730 608 857 671 Tartara
870 610 974 681 misso,
1070 657 1075 666 ,

130 703 195 760 Sub
208 701 283 760 Jove
297 701 426 761 mundus
440 713 515 769 erat;
536 701 628 761 subiit
639 713 783 777 argentea
794 703 907 776 proles,

131 796 218 854 Auro
231 792 371 874 deterior,
383 791 464 852 fulvo
477 791 640 869 pretiosior
652 810 724 852 aere.

131 885 253 962 Jupiter
264 884 376 962 antiqui
390 884 540 944 contraxit
552 895 690 960 tempora
703 883 793 941 rerisz

129 977 251 1054 Perque
266 981 401 1054 hyemes,
413 989 576 1052 astusque,
589 989 620 1036 et
633 975 801 1052 inaequales
811 989 984 1050 autumnos,

129 1071 172 1130 Et
184 1072 281 1130 breve·
290 1087 354 1138 ver,
368 1069 472 1146 spatiis
485 1068 590 1146 exegit
603 1079 732 1144 quatuor
742 1086 864 1130 annum.

130 1163 217 1220 Tum
230 1161 366 1237 primum
380 1161 470 1222 siccis
483 1167 535 1231 aer
548 1160 715 1221 fervoribus
727 1172 815 1221 ustus

127 1255 270 1319 Canduit:
291 1265 323 1312 et
335 1252 433 1314 ventis
447 1253 559 1332 glacies
570 1254 711 1314 adstricta
722 1255 873 1330 pependit.

128 1348 212 1406 Tum
227 1345 365 1421 primum
377 1347 494 1405 subiere
506 1348 626 1414 domos;
646 1349 754 1405 domus
766 1359 852 1407 antra
860 1348 992 1418 fuerunt,

129 1439 170 1500 Et
181 1435 271 1496 densi
284 1436 419 1507 frutices,
433 1450 464 1495 et
478 1436 585 1518 vinctae
601 1438 716 1497 cortice
729 1438 836 1514 virga.

127 1531 255 1590 Semina
268 1542 334 1590 tum
348 1529 482 1606 primum
496 1529 595 1606 longis
611 1529 749 1589 Cerealia
762 1529 855 1592 auleis

128 1626 250 1684 Obruta
263 1634 342 1695 sunt3
354 1621 511 1699 pressique
519 1622 597 1701 jugo
609 1640 756 1698 gemuere
765 1621 898 1701 juvenci.

167 1714 274 1774 Tertia
286 1727 355 1790 post
367 1713 434 1772 illas
449 1714 595 1774 successit
608 1721 702 1774 aenea
714 1718 826 1790 proles,

128 1807 246 1868 Saevior
257 1806 399 1884 ingeniis,
412 1819 444 1866 et
456 1809 492 1876 ad
506 1806 627 1865 horrida
638 1807 809 1883 promptior
818 1826 916 1878 arum

128 1901 197 1958 Nec
214 1901 362 1958 scelerata
375 1911 483 1960 tamen.
506 1900 554 1957 De
567 1901 645 1958 duro
658 1897 706 1958 est
716 1901 823 1958 ultima
832 1899 923 1960 ferro.

128 1992 427 2070 Protinus-irrumpit
441 2011 526 2061 venae
540 1991 655 2073 pejoris
667 1992 698 2053 io
712 2012 812 2054 aerum

128 2088 231 2146 Omne
242 2086 337 2145 nefasr
360 2086 467 2165 lugere
481 2088 586 2160 pudor,
599 2105 778 2161 verumque,
791 2085 936 2163 fidesquet

129 2182 164 2239 In
178 2196 311 2255 quorum
324 2178 448 2235 subiere
460 2182 563 2235 locum
575 2178 769 2254 fraudesque,
781 2177 915 2251 dolique,

129 2271 324 2347 Insidiaeque,
338 2282 369 2329 et
384 2268 438 2337 vis,
452 2282 484 2327 et
497 2286 584 2327 amor
596 2270 760 2328 sceleratus
773 2268 911 2327 habendi.

128 2364 207 2423 Vela
217 2365 306 2421 dabat
318 2361 426 2431 ventis,
438 2380 495 2421 nec
508 2363 607 2421 adhuc
621 2364 697 2419 bene
709 2374 833 2432 noverat
842 2360 921 2434 illos,

129 2458 246 2523 Navita:
269 2442 399 2539 quaeque
412 2455 464 2529 diu
479 2455 669 2527 steterentin
679 2454 833 2514 montibus
845 2456 922 2530 altis,

127 2548 286 2613 Fluctibus
299 2548 412 2625 ignotis
422 2548 607 2625 insultavere
620 2545 754 2607 carinae.-

127 2632 502 2718 Communemque'priust
511 2659 568 2701 ceu
582 2638 697 2699 lumina
709 2637 781 2697 solis
792 2648 825 2699 et
836 2659 928 2711 aurae,

129 2737 245 2799 Cautus
259 2736 386 2802 humum
395 2733 487 2811 ⁸longo
500 2734 629 2811 signavit
642 2731 740 2791 limite
753 2750 885 2791 mensor.

128 2829 200 2887 Nee
207 2840 324 2887 tantum
338 2839 462 2902 segetes
474 2826 677 2900 alimentaque
690 2824 789 2884 debita
801 2824 889 2884 clives

131 2923 315 2981 Posccbatur
329 2924 450 2989 humus3
472 2923 525 2977 sed
539 2919 617 2977 itum
629 2931 678 2976 est
690 2918 723 2985 iu
736 2917 852 2977 viscera
862 2930 965 2995 terraer

128 3013 274 3090 Quasque
291 3010 507 3078 recondiderat,
519 3010 694 3087 Stygiisque
708 3013 880 3070 admoverat
892 3010 1019 3082 umbris,

30 3099 37 3111 ⁹
128 3109 319 3181 Effodiuntur
330 3114 407 3175 oper,
421 3109 604 3161 irritamenta
617 3109 764 3160 naulorum.

88 3238 90 3243 ·
128 3198 381 3274 Jamquenorens
395 3196 523 3264 ferrum,
536 3195 677 3270 ferroque
691 3192 849 3253 nocentius
861 3211 980 3267 aurum,

128 3290 293 3350 Prodierat:
314 3289 412 3365 prodit
425 3292 550 3359 bellum,
564 3290 646 3363 quod
657 3300 772 3364 pugnat
783 3299 920 3362 utroque3
1020 3320 1024 3326 ,
1048 3320 1051 3327 ·

129 3382 359 3459 Sanguinaeque
373 3402 461 3441 manu
477 3380 654 3457 crepitantis
667 3376 801 3438 concutit
813 3396 918 3438 anne.-

128 3474 252 3536 Vivitur
264 3492 304 3535 ex
316 3480 410 3552 rapto.
423 3476 493 3536 Non
507 3477 620 3553 hospes
632 3477 668 3534 ab
678 3471 795 3549 hospite
809 3485 902 3544 tutus,

169 3565 171 3569 ’
579 3576 584 3581 ’
665 3582 668 3590 ’
764 3567 823 3626 Ae
