2400 4100
419 201 787 311 navarreum.
1022 249 1069 316 97

140 398 226 457 Inter
238 412 331 472 seque
343 395 428 455 datas
440 393 549 473 junxit,
562 408 723 472 natamque
737 405 943 474 nepotemque

140 494 292 551 Absentea
302 490 432 571 memori
445 509 499 566 pro
513 510 546 550 se
557 490 645 569 jubet
655 510 709 549 ore
722 493 863 549 salutentr

141 584 386 661 Supremumque
399 587 574 661 reimplere
588 583 772 662 singultibus
782 600 848 651 ore,

141 679 206 739 Vix
217 678 309 741 dixitr,
316 678 477 755 timuitque
491 696 552 739 suae
565 675 850 757 praesagamur.

141 774 185 832 At
197 775 294 831 semel
308 772 449 847 imposita
461 785 507 832 eat
520 771 612 848 piotae
623 771 792 831 Philomela
804 768 925 839 carium

142 868 371 941 Admotumque
380 866 494 925 fretum
508 864 613 936 remis,
622 866 773 941 tellusque
787 867 910 940 repulsa
924 876 981 936 eat;

141 957 298 1026 Vicimus,
310 962 471 1019 exclamate
486 978 609 1018 mecum
621 977 691 1017 mea
699 970 769 1017 vota
778 956 925 1018 feruntur.

143 1052 358 1127 Exsultatque,
370 1065 401 1113 et
414 1052 465 1113 vix
479 1052 591 1122 animo,
604 1072 659 1113 soa
672 1052 781 1129 gaudia
788 1052 897 1112 differt

142 1146 302 1205 Barbarus:
314 1160 345 1205 et
358 1164 507 1223 nusquam
519 1150 624 1205 lumen
636 1148 797 1222 detorquet
809 1147 918 1205 abilis.

102 1242 108 1249 '
141 1240 212 1298 Non
223 1229 321 1308 aliter,
334 1258 425 1315 quam
439 1259 509 1299 cum
523 1240 651 1315 pedibus
656 1241 809 1316 praedator
822 1238 946 1299 obuncis

142 1331 294 1407 Deposuit
305 1331 375 1389 nido
389 1336 525 1407 leporem
540 1334 624 1393 lovis
637 1332 744 1391 alesin
758 1336 828 1391 altor

11 1392 24 1483 ‚¹
128 1480 130 1487 ,
143 1424 238 1483 Nulla
252 1424 324 1497 luga
336 1437 383 1481 est
396 1436 493 1499 capto:
506 1436 624 1498 spectat
636 1444 691 1482 soa
702 1424 828 1497 praemia
839 1436 949 1498 raptor.

144 1517 273 1592 Jamque
287 1515 346 1573 iter
360 1517 514 1577 ellectum:
526 1516 651 1594 jamque
665 1516 697 1573 in
711 1534 766 1575 sua
780 1516 880 1575 littora
893 1516 984 1577 sessis

115 1634 117 1637 ·
144 1609 297 1685 Puppibus
311 1610 459 1667 exierant:
475 1626 546 1667 cum
560 1628 613 1667 rex
625 1608 775 1688 Pandione
789 1625 889 1677 natam

144 1705 180 1762 ln
195 1704 309 1761 stabula
319 1705 376 1761 alta
390 1700 488 1769 trahit,
500 1703 583 1761 silvis
596 1706 724 1763 obscura
737 1708 878 1763 vetustis:

144 1798 248 1873 Atque
260 1796 302 1853 ibi
315 1798 489 1871 pallentem,
503 1796 722 1872 trepidamque,
734 1812 766 1855 et
783 1809 892 1855 cuncta
905 1797 1076 1871 timentem,

144 1890 186 1949 Et
197 1890 260 1967 jam
275 1888 506 1966 cuntramnus,
521 1890 572 1947 ubi
585 1890 623 1949 sit
637 1908 792 1966 germana,
805 1905 973 1964 rogantem,

144 1982 285 2041 Includit:
298 1980 454 2060 &sausque
468 1972 561 2054 nefas,
575 1994 607 2042 et
620 1982 782 2061 virginem,
795 1997 826 2041 et
840 2002 932 2042 unam

144 2076 187 2134 Vi
198 2087 329 2152 superats
344 2075 453 2136 frustra
462 2079 589 2136 clamato
602 2095 684 2152 aaepe
697 2091 832 2152 parente,

146 2170 234 2246 Saepe
248 2187 351 2228 sorore
364 2185 427 2234 sua,
440 2169 561 2244 magnis
575 2187 667 2243 super
680 2170 783 2227 omnia
796 2169 895 2227 Divis.

146 2263 201 2322 Illa
210 2261 327 2327 tremit,
339 2264 423 2319 velut
434 2277 510 2336 agna
520 2279 643 2334 pavens,
656 2278 724 2335 quae
739 2261 841 2319 saucia
855 2261 922 2320 cani

146 2359 208 2416 Ore
224 2374 354 2414 excussa
363 2353 444 2431 lupi,
455 2357 588 2412 nondum
603 2353 659 2412 sibi
672 2368 738 2412 tuta
751 2353 879 2415 videtur:

145 2451 249 2524 thue
262 2449 408 2515 columba,
421 2441 474 2505 suo
488 2445 665 2506 madefactis
676 2447 822 2524 sanguine
838 2449 959 2527 plumis,
983 2444 985 2451 ’

145 2543 260 2602 Horret
273 2543 379 2609 adhuc,
390 2539 550 2616 avidosque
564 2541 665 2609 timet,
677 2543 785 2616 quibus
797 2546 937 2617 haeserat,
948 2563 1077 2624 ungues.

145 2635 225 2692 Mox
240 2633 291 2693 ubi
302 2651 390 2691 mens
404 2632 502 2702 rediit;
516 2651 621 2708 passos
635 2633 745 2691 laniata
754 2634 889 2708 capillos,

147 2726 298 2808 [Lugenti
311 2725 429 2795 similis,
442 2725 530 2784 caeeis
545 2728 690 2803 plangore
699 2723 846 2807 lacertis]

145 2821 309 2878 Irrtendens
322 2822 453 2895 palmas,
462 2820 531 2888 Prti,
545 2818 631 2890 diris,
644 2821 778 2889 barbare,
791 2819 888 2891 iactis,

145 2913 217 2981 Pro,
230 2913 373 2980 crudelia,
387 2911 438 2970 ait!
453 2923 552 2970 necte
565 2914 705 2972 mandata
717 2914 849 2988 parentis

146 3003 228 3064 Cum
242 3004 386 3080 lacrymis
398 3010 519 3086 movere
530 3005 599 3078 piis,
612 3023 668 3062 nec
682 3024 756 3063 cura
769 3007 888 3075 sororis,

146 3098 216 3156 Nec
230 3103 299 3156 mea
313 3096 479 3173 virginitas,
491 3115 547 3156 nec
562 3098 740 3176 eonjugialia
752 3097 833 3176 jura!

148 3190 262 3250 Omnia
272 3182 405 3250 turbisti.
431 3193 537 3249 Pollex
551 3209 611 3266 ego
623 3193 700 3252 lacta
712 3191 820 3261 sorori,

128 3293 129 3298 ’
148 3286 196 3342 Tu
211 3283 343 3362 geminis
356 3286 478 3364 conjux.
498 3285 567 3342 Non
583 3286 651 3344 haee
663 3286 740 3343 mihi
753 3284 852 3344 debita
865 3302 960 3360 poena

148 3380 230 3452 Quin
243 3379 376 3438 animam
386 3383 463 3438 'hane
478 3380 531 3458 (ne
542 3379 622 3455 quud
627 3378 749 3453 {acinus
762 3378 826 3447 tibi,
838 3379 965 3454 perfide,
971 3384 1079 3462 restet)

150 3471 267 3550 Eripis}
282 3485 373 3547 atque
386 3473 498 3532 utinam
512 3471 638 3529 fecisses
651 3486 719 3531 ante
731 3472 876 3530 nefandos
923 3482 935 3504 ³

150 3565 346 3640 Concubitus!
358 3585 466 3648 racuao
478 3563 651 3627 habuissem
663 3564 800 3626 oritninis
813 3567 944 3626 umbras.
