2400 4100
137 194 207 261 rtt
382 152 388 163 ’
450 188 743 248 unranonrn.

133 330 188 389 tna
201 341 286 389 nocte
301 328 366 389 fuit:
384 332 582 405 quoniamque
595 332 738 390 excedere
753 333 885 408 Olympo

132 424 201 481 Non
214 421 308 487 licuit,
319 422 420 481 densis
434 423 507 481 texit
521 440 574 481 sua
587 422 713 491 nubibus
725 442 787 481 ora.
859 499 862 500 7
904 434 912 444 ·
946 450 960 479 :
991 445 996 453 ⁴

171 516 261 573 AEolis
274 513 385 573 interea
396 526 544 573 tantorum
558 516 660 589 ignara
673 518 820 575 malorum

132 606 309 667 Dinumeret
322 619 434 666 noctesr
447 622 476 665 et
486 605 558 685 jam,
572 625 646 683 quas
658 606 761 666 induat
771 606 832 677 itte,

132 699 264 759 Festinat
277 712 381 767 vestes
395 698 457 776 Jam
471 716 554 774 quas,
565 698 617 759 ubi
629 695 740 757 venerit
752 701 813 769 ille,
907 720 912 732 ·
925 773 929 776 7

130 790 200 867 Ipsa
214 803 305 868 gerat:
320 792 489 866 reditusque
503 790 557 851 sibi
570 790 840 866 promittitinanes.

131 883 280 963 Omnibus
291 884 340 941 ilia
352 881 473 957 quidem
488 884 610 959 Superis
623 885 671 959 pia
684 887 771 941 thura
782 884 903 944 ferebatt

130 974 211 1033 Ante
223 986 321 1033 tamen
333 988 455 1035 cunctos
468 976 592 1034 Junonis
606 979 715 1049 templa
728 978 850 1034 eolebatr
983 974 986 977 ’

130 1068 248 1143 Proque
262 1068 332 1135 viru,
346 1067 399 1142 qui
409 1067 505 1125 nullus
520 1081 591 1135 erat,
606 1070 737 1125 veniebat
750 1069 785 1126 ad
799 1084 873 1125 aras.

130 1159 231 1235 thue
245 1156 319 1217 foret
331 1173 433 1231 sospes
446 1148 556 1234 conjux
570 1178 651 1226 suus,
665 1171 755 1233 utque
769 1158 884 1227 rediret,

130 1252 269 1324 Optabat;
283 1250 453 1323 nullamque
467 1248 522 1307 sibi
535 1249 703 1323 praeferret:
717 1264 747 1308 at
758 1252 799 1308 illi
825 1292 827 1298 .
868 1295 871 1299 ,

131 1340 198 1399 Hoc
211 1341 247 1399 de
261 1352 303 1397 tot
316 1339 390 1398 rotis
405 1352 518 1415 poterat
536 1344 705 1416 contingere
713 1345 826 1401 sotum.

172 1434 213 1491 At
227 1434 292 1489 Dea
304 1451 361 1491 non
375 1435 450 1491 ultra
462 1450 515 1507 pro
528 1432 629 1495 functo
641 1447 737 1493 morte
749 1435 846 1510 rogari

131 1523 271 1592 Sustinets
285 1536 374 1597 utque
386 1542 491 1581 manus
504 1524 632 1581 funestas
646 1536 742 1581 arceat
755 1525 822 1592 arie

130 1615 181 1683 Iri,
193 1632 279 1681 meae,
291 1612 375 1681 dixit,
386 1612 527 1671 fidissima
537 1612 642 1669 nuncia
654 1612 743 1682 vocis,

130 1707 205 1764 Vise
218 1704 407 1779 soporiferam
424 1701 528 1762 Somni
540 1700 679 1762 velociter
693 1708 802 1765 arriana:

130 1796 324 1872 Extinctique
335 1797 405 1874 jube
420 1797 527 1871 Ceycis
538 1796 668 1874 imagine
684 1798 782 1857 mittat

131 1891 252 1949 Somnia
264 1892 299 1947 ad
314 1890 485 1963 Halcyoneu
502 1908 585 1949 veros
597 1892 742 1949 narrantia
756 1885 853 1951 casus.
942 1889 946 1894 ’
1050 1903 1055 1913 ’

131 1982 264 2043 Dixerat.
280 1981 415 2041 Induitur
428 1983 572 2040 velamina
585 1982 667 2040 miiie
682 1986 826 2042 colorum‘

130 2079 197 2145 Iris,
210 2089 239 2135 et
252 2089 372 2151 arquato
383 2077 495 2134 coelum
508 2074 681 2133 curvamine
694 2073 815 2151 signans
915 2100 918 2104 ·
1002 2095 1005 2100 ·

131 2172 226 2231 Tecta
239 2173 311 2246 petit
321 2169 396 2248 jussi
410 2171 464 2227 sub
477 2186 549 2243 rupe
561 2169 682 2226 latentia
693 2167 783 2244 regis.

170 2262 225 2322 Est
239 2281 330 2338 prope
345 2261 522 2320 Cimmerios
535 2263 624 2336 longo
637 2264 776 2333 spelunca
789 2278 917 2332 recessu,

130 2355 220 2414 Mons
233 2373 332 2420 cavus,
346 2353 442 2426 ignavi
451 2353 560 2408 domus
570 2363 600 2408 et
613 2351 773 2423 penetralia
786 2353 901 2410 Somnia

126 2447 198 2517 Quo
209 2463 360 2518 nunquam
375 2442 461 2500 ra‘diis
473 2443 578 2506 oriens,
592 2443 754 2510 mediusve,
768 2445 911 2502 cadensve

129 2538 260 2596 Phoebus
273 2535 351 2592 adire
363 2545 467 2609 potest.
481 2535 608 2608 Nebuiae
623 2533 747 2608 caligine
762 2537 858 2594 mistae

130 2631 314 2690 Exhalantur
328 2631 429 2688 humo:
444 2627 607 2701 dubiaeque
620 2630 793 2700 crepuscula
805 2627 897 2686 lucis..

130 2724 199 2782 Non
215 2723 283 2796 vigil
295 2723 354 2779 ales
363 2719 405 2784 ibi
420 2721 529 2778 cristati
543 2721 675 2778 cantibus
686 2718 747 2777 oris

130 2817 242 2874 Evocat
256 2815 416 2871 Auroram:
430 2829 485 2869 nec
500 2829 570 2870 voce
585 2812 698 2868 silentia
710 2820 855 2884 rumpunt

130 2904 289 2965 Sollicitive
300 2923 397 2971 canes,
409 2902 562 2962 canibusve
576 2902 709 2977 sagacior
721 2919 817 2960 anser.

129 3001 199 3060 Non
214 2998 354 3067 iera‚.non
368 2998 505 3072 pecudea,
516 3013 573 3053 non
588 2997 661 3053 moti
674 2995 792 3052 flamine
807 2991 891 3064 rami,
912 3003 917 3008 ’

129 3091 316 3152 Humanaeve
330 3107 437 3170 sunum
451 3089 576 3146 reddunt
588 3085 720 3145 convicia
733 3087 855 3161 linguae.

128 3183 219 3250 Muta
232 3184 316 3258 quies
330 3180 448 3240 habitat.
469 3181 547 3237 Saxo
559 3191 658 3238 tamen
673 3181 734 3237 enit
747 3182 781 3235 ab
793 3179 856 3247 imp

129 3274 226 3334 Ritus
238 3275 457 3348 aquae‘Lethesr
473 3287 528 3346 per
541 3288 633 3347 quem
645 3290 714 3328 cum
726 3287 882 3329 murmure
894 3271 994 3329 labens

127 3367 239 3427 invitat
252 3384 370 3424 somnos
383 3362 590 3439 crepitantibus
600 3364 678 3421 unda
691 3360 804 3433 lapillis.

131 3459 211 3518 Ante
224 3456 301 3516 fores
312 3455 388 3516 antri
400 3455 535 3516 saecunda
545 3441 691 3540 papavera
701 3451 817 3524 florent,
