2400 4100
453 247 534 310 ern.
548 249 573 308 1.
593 205 685 310 run.
697 249 737 314 x.

131 391 320 454 Conveniunt
331 392 403 454 illue
417 395 713 472 populariallumiua
723 396 872 472 primum

129 485 241 546 Nescia
254 498 425 562 gratentur3
445 491 674 548 consolenturne
687 501 858 564 parentem

129 578 286 656 Populifer
297 580 478 655 Spercheos,
491 592 523 640 et
534 580 721 658 irrequietus
734 581 879 658 Enipeus,

17 681 18 684 ’
98 719 102 727 .
129 673 352 750 Apidanusque
365 691 468 744 senem
481 673 622 752 lenisque
633 676 837 750 Amphrysos,
850 687 883 736 et
894 673 971 736 AEti.

130 766 269 842 Moxque
282 785 390 826 amnes
402 766 461 839 alii,
475 767 540 843 qni,
553 785 614 844 qua
626 767 696 826 tulit
709 766 845 844 impetus
856 767 935 839 illos,

129 859 167 925 ln
179 878 266 918 mare
281 860 431 920 deducunt
445 861 541 920 lessus
553 859 708 919 erroribus
719 861 823 920 undas.

129 953 350 1014 Inachusuuus
363 957 458 1023 abusu
480 953 605 1030 imoque
616 953 788 1012 reconditus
801 963 887 1014 anun

129 1044 265 1106 Fletibus
279 1057 371 1124 auget
383 1065 486 1123 aquam
506 1058 670 1124 natamque
684 1044 876 1106 miserrimus
890 1049 925 1110 lo

129 1137 243 1214 Luget,
254 1139 450 1199 uternissam.
472 1138 579 1198 Nescit
593 1138 691 1198 mune
704 1138 830 1211 fruatur,
853 1167 858 1177 ·

129 1233 180 1290 An
195 1229 235 1290 sit
246 1234 325 1308 apud
338 1251 454 1292 manes:
476 1235 529 1292 sed
543 1251 635 1308 quam
647 1251 707 1292 non
718 1232 834 1292 invenit
846 1251 987 1310 usquam,
1046 1257 1050 1265 ·

130 1321 208 1382 Esse
217 1335 308 1399 putat
319 1343 481 1401 nusquam
500 1336 590 1400 atque
605 1324 708 1384 animo
717 1323 824 1403 pejora
834 1337 967 1386 teretur.

130 1415 264 1474 Viderat
278 1414 405 1490 :pauiu
417 1417 597 1475 redeuntem
610 1416 730 1490 Jupiter
741 1418 778 1474 lo

129 1506 286 1568 Flumine:
309 1517 350 1578 et,
362 1509 391 1568 0
404 1506 493 1585 virgo
505 1509 580 1566 Jove
592 1507 693 1584 digno,
704 1519 816 1584 tuoque
829 1509 957 1568 beatum.

130 1600 246 1658 Nescio
260 1619 356 1677 quem
368 1599 573 1687 facturumue,
587 1610 667 1676 pete,
678 1599 806 1670 dixerat,
815 1604 939 1660 umbras

129 1695 272 1753 Alterum
286 1711 446 1754 nemorum
461 1692 507 1771 (et
520 1709 683 1754 nemorum
692 1706 909 1756 monstraverat
919 1697 1065 1775 umbram)

128 1783 215 1844 Dum
229 1788 318 1856 calet,
329 1799 361 1845 et
375 1787 477 1844 medio
489 1788 534 1844 aul
547 1796 595 1844 est
608 1785 778 1845 altissimus
788 1790 870 1848 orbe.

130 1878 260 1950 Quodsi
273 1881 338 1936 sola
346 1877 438 1938 times
450 1880 581 1953 latebras¹
588 1875 702 1938 intrare
713 1877 857 1948 serarum,

131 1971 265 2030 Praeside
279 1983 343 2030 tuta
357 1972 435 2042 Deo,
447 1989 610 2030 nemorum
624 1984 744 2030 secreta
757 1971 883 2042 imbibita

130 2064 198 2125 Nec
212 2068 251 2125 de
264 2068 351 2142 plebe
367 2066 446 2136 Deo,
459 2066 513 2125 sed
525 2066 579 2143 qui
593 2066 728 2126 coelestia
741 2086 850 2144 magna

130 2158 257 2234 Sceptra
270 2178 361 2217 manu
374 2170 476 2225 tanam
494 2159 550 2215 sed
564 2158 618 2232 qui
630 2178 705 2233 vaga
716 2157 845 2218 fulmina
857 2161 954 2231 mitto,

128 2252 179 2309 Ne
194 2250 268 2327 fuge
282 2268 344 2318 me,
359 2248 509 2327 (fugiebat
522 2248 632 2325 euim.)
652 2250 721 2307 Jam
735 2267 845 2325 pascua
856 2251 976 2325 Lernae,
1028 2244 1032 2251 ¹

129 2342 316 2419 Consiteque
329 2340 486 2401 arboribus
499 2342 628 2419 Lyrcaes
640 2340 806 2418 reliquerat
818 2360 899 2405 arsat
953 2417 963 2431 .

128 2436 212 2495 Cum
226 2436 312 2494 Deus
323 2434 445 2493 inducta
458 2437 531 2495 latas
541 2432 671 2512 caligine
685 2447 782 2494 terras
811 2470 815 2475 -

17 2540 18 2545 ’
129 2526 286 2597 Ooouluit‚
297 2527 457 2604 tenuitque
469 2528 587 2607 sugam,
601 2528 763 2605 tepuitque
775 2533 931 2610 pudorem¹

129 2624 250 2683 Interea
264 2621 381 2681 medios
392 2622 470 2680 luno
483 2620 629 2695 despexit
637 2621 670 2679 in
681 2640 786 2711 agrum

130 2714 173 2775 Et
186 2714 283 2775 noctis
298 2712 409 2773 faciem
421 2714 548 2773 nebulas
561 2710 670 2772 fecisse
686 2716 826 2773 volucres

131 2808 195 2865 Sub
206 2806 299 2867 nitido
312 2790 420 2865 mirata
431 2805 488 2875 ‹lie;
509 2824 567 2865 nou
578 2804 711 2866 fluminis
723 2806 791 2866 illas

130 2902 220 2970 Esse,
233 2919 289 2959 nec
299 2900 438 2961 humenti
451 2897 541 2961 sentit
554 2901 663 2958 tellure
678 2899 804 2959 remittit

129 2994 234 3070 Atque
248 3012 321 3052 suus
334 2992 448 3070 conjux
461 2992 512 3050 ubi
526 2991 574 3061 sit,
587 2990 804 3067 circumspicit
825 3005 860 3053 ut
871 3013 940 3071 quae

131 3086 286 3163 Deprensi
299 3085 387 3145 toties
396 3084 460 3165 jam
473 3088 577 3144 nosset
589 3082 668 3143 furta
679 3085 791 3144 mariti.

131 3181 235 3253 Quem
249 3189 409 3255 postquam
422 3179 499 3237 coelo
512 3193 569 3233 nou
580 3167 724 3251 repperiu
748 3182 814 3276 tlut¹
821 3196 881 3255 ego
892 3178 987 3251 fallor,

131 3276 197 3335 Aut
210 3290 270 3349 ego
283 3274 386 3341 laedor‚
400 3269 451 3329 ait.
472 3268 663 3346 Delapsaque
675 3272 711 3329 ab
725 3274 835 3329 athera
847 3290 968 3333 summo

131 3363 273 3424 Constitit
283 3363 314 3421 iu
326 3363 429 3433 terris;
453 3363 639 3437 nebulasque
652 3362 908 3441 recederejussit.

132 3456 283 3537 conjugis
298 3457 461 3515 adventum
473 3469 681 3530 praesenserat‚
694 3456 786 3531 inque
798 3455 947 3521 nitentem

31 3636 36 3641 Ι
132 3550 291 3625 lnaqhidos
304 3550 404 3613 vultus
413 3558 580 3609 mutaverat
592 3546 645 3608 ille
657 3546 829 3627 juvencam.
