2400 4100
129 213 180 286 20
450 209 755 294 nnrnmonru

130 354 191 414 Bos
205 355 472 434 quoqueforrnosa
482 367 539 416 est.
560 356 700 432 Speciem
715 358 971 432 Saturniaraccae,

129 447 308 526 Quanquam
322 448 424 519 invita,
438 453 552 526 probate
574 469 692 511 necnon
705 463 737 511 et
750 452 850 530 cujus,
862 464 896 513 et
907 457 1000 522 unde,

128 543 235 616 Quove
250 541 289 602 sit
301 554 448 612 armento,
460 543 525 603 veri
539 543 624 620 quasi
633 543 746 615 nescia,
759 545 878 621 quaerit.

127 636 246 712 Jupiter
260 655 277 696 e
292 647 373 695 terra
386 635 521 713 genitam
534 636 691 708 mentitur,
703 649 738 696 ut
750 649 856 698 auctor

126 729 257 790 Desinat
264 728 390 806 inquiri.
412 729 492 790 Petit
504 732 579 790 hanc
591 730 731 790 Saturnia
743 750 865 791 munus.

126 823 209 898 Quid
222 823 324 884 faciet?
346 826 479 894 crudele,
493 843 563 884 suos
577 823 718 884 addicere
733 842 863 884 amores:

126 917 196 975 Non
210 918 293 987 dare,
307 930 495 992 suspectum.
516 919 618 976 Pudor
628 929 685 987 est,
699 917 752 994 qui
764 919 888 977 suadeat
901 917 996 988 illiue,

116 1011 206 1084 ¹Hinc
221 1011 373 1070 dissuadet
386 1029 481 1070 amor.
500 1010 611 1071 Victus
621 1013 718 1086 pudor
730 1022 815 1070 esset
826 1029 941 1072 amore:

127 1103 188 1160 Sed
203 1103 308 1163 levesi
322 1122 434 1162 munus
447 1101 538 1162 sociae
553 1102 739 1180 generisque
751 1103 871 1181 torique

125 1196 227 1256 Vacca
236 1207 414 1274 negaretur,
428 1207 545 1272 poterat
555 1213 616 1254 non
628 1215 719 1256 vacca
730 1195 835 1255 videri.

124 1288 240 1350 Pelliee
252 1290 370 1366 donata,
379 1303 438 1350 non
453 1287 591 1364 protinus
601 1288 692 1354 ,exuit
704 1307 831 1348 omnem

124 1380 204 1440 Diva
216 1394 345 1454 metum,
365 1379 529 1458 timuitque
544 1382 662 1453 lovem,
675 1393 707 1440 et
717 1381 776 1443 fuit
788 1380 878 1442 anxia
888 1379 971 1455 surtit

125 1473 231 1534 Donec
247 1473 425 1535 Aristoridae
439 1477 614 1534 servandam
625 1473 748 1534 tradidit
758 1476 854 1550 Argo.

162 1569 295 1626 Centum
309 1565 473 1624 luminibus
486 1567 620 1624 cinctum
627 1558 723 1639 ‘eaput
735 1567 842 1642 Argus
855 1567 992 1630 habebat

124 1658 199 1720 Inde
211 1657 274 1717 suis
288 1657 406 1718 vicibus
417 1657 573 1732 capiebant
583 1656 653 1717 bina
661 1655 823 1732 quieternr-

124 1751 247 1811 Caetera
258 1754 424 1821 servabant,
437 1764 530 1827 atque
542 1750 574 1812 in
587 1751 715 1809 statione
728 1753 898 1812 manebant.

124 1843 308 1904 Constiterat
322 1863 504 1920 quocunque
518 1846 620 1913 modo,
633 1845 787 1919 spectabat
798 1846 836 1903 ad
849 1846 896 1904 lor

123 1938 205 1996 Ante
219 1940 325 1996 oculos
341 1938 385 2008 Io,
398 1936 537 2012 quamvis
551 1955 687 2005 aversus,
700 1938 835 1995 habebat.

123 2029 209 2089 Luce
221 2029 292 2089 sinit
306 2029 399 2106 pascit
419 2049 491 2089 cum
505 2032 549 2089 sol
564 2031 675 2089 tellure
689 2031 746 2089 sub
759 2031 818 2088 alta
830 2039 887 2101 est,

124 2123 254 2193 claudit,
268 2135 300 2183 et
311 2123 435 2201 indigno
449 2124 620 2183 circumdat
630 2122 749 2182 vincula
762 2124 851 2182 collo.

124 2216 291 2277 Frondibus
305 2217 447 2288 arbuteis,
460 2228 490 2276 et
501 2236 604 2277 arnara
612 2216 747 2291 pascitur
759 2216 861 2273 herba:
969 2226 978 2243 ²

122 2311 244 2386 Proque
257 2321 337 2378 torot
349 2323 439 2369 terrae
452 2328 510 2367 non
525 2327 649 2382 semper
660 2326 787 2384 gramen
801 2307 920 2367 babenti

124 2404 249 2461 Incubet
262 2400 379 2469 infelix,
389 2400 556 2474 lImosaque
570 2391 800 2473 flumina'potat.

124 2495 181 2551 Illa
193 2490 286 2550 ctiam
300 2494 429 2567 supplex
444 2489 531 2568 Argo
542 2510 615 2550 cum
626 2492 749 2551 brachia
760 2494 853 2551 vellet

124 2584 279 2653 Tendere;
300 2602 358 2643 non
373 2584 484 2654 habuit,
499 2603 567 2660 quae
578 2585 701 2644 brachia
712 2586 854 2645 tenderet
863 2587 965 2663 Argo;

124 2678 298 2753 Conatoque
311 2678 399 2754 queri
412 2680 548 2755 mugitus
556 2665 657 2738 'edidit
667 2699 730 2738 ore:

125 2771 346 2845 Pertimuitque
362 2788 461 2841 sonos,
475 2770 655 2845 propriaque
668 2769 817 2829 exterrita
831 2789 904 2829 voce
915 2782 971 2830 est.

125 2864 218 2923 Venit
231 2876 261 2921 et
274 2865 313 2921 ad
324 2860 415 2938 ripas,
429 2863 480 2921 ubi
495 2865 596 2922 ludere
612 2880 695 2937 saepe
708 2864 830 2931 solebat,

122 2952 283 3015 Inachidas
299 2952 389 3029 ripas:
410 2973 545 3031 novaque
557 2968 591 3013 ut
605 2955 766 3030 conspexit
778 2955 810 3013 in
822 2956 901 3015 unda
958 3011 969 3017 -

126 3050 256 3119 Cornua,
268 3047 436 3125 pertimuit,
451 3064 545 3125 seque
560 3060 717 3109 externata
730 3036 854 3126 refugit.

71 3154 74 3163 ’
125 3145 242 3203 Naides
252 3145 398 3221 ignorant.
418 3144 540 3219 Ignorat
553 3155 589 3203 et
599 3144 731 3202 Inachus
745 3144 821 3219 ipse,

126 3237 203 3310 Quae
219 3236 266 3295 sit.
285 3239 329 3297 At
337 3236 389 3296 illa
401 3242 520 3311 patrem
533 3236 682 3312 sequitur,
693 3234 892 3312 sequiturque
906 3243 1039 3307 sororcst

17 3404 19 3409 Ι
126 3332 167 3389 Et
179 3328 392 3423 patituqtangi,
406 3348 500 3405 seque
513 3328 729 3389 admirantibus
742 3330 841 3387 offert.

128 3422 295 3497 Decerptas
308 3422 408 3484 senior
422 3435 598 3498 porrexerat
612 3424 743 3482 inachus
758 3424 878 3492 herbam

115 3516 184 3575 ¹llla
197 3533 304 3577 manus
317 3517 431 3589 lambit,
442 3514 608 3597 patriisque
620 3520 671 3579 dat
681 3518 786 3577 oscula
798 3514 919 3593 palmira
939 3579 941 3586 ¹
955 3558 959 3571 .

800 3624 813 3653 Ι
