2400 4100
121 209 143 284 3
437 205 730 269 mentirentur.

119 356 173 415 lile
188 351 311 430 quidem
322 367 425 428 poenas
437 350 647 428 (curant-banc
660 342 817 430 dimittite)
829 353 926 422 sonte

118 447 208 522 Quod
220 456 322 503 tamen
335 443 510 513 admissum,
524 463 592 520 quae
607 445 647 503 sit
659 444 800 514 vindicta,
814 446 938 506 docebo.
998 444 1008 503 .’

116 538 292 614 Contigerat
304 548 420 597 nostras
432 536 557 596 infamia
569 537 715 613 temporis
727 557 845 598 aurest

117 632 216 705 Quam
230 628 357 706 cupiens
371 629 485 698 falsam,
497 647 619 700 summe
630 631 752 690 delabor
763 633 905 708 Olympo,
969 705 973 710 ι

117 725 158 784 Et
173 723 259 782 Deus
274 725 404 781 humana
417 726 512 780 lustro
526 721 603 778 sub'
595 721 730 800 imagine
743 736 850 782 terras

116 818 223 892 Longa
233 828 381 879 moreest
392 827 536 890 quantum
549 832 637 873 noxae
652 814 693 872 sit
705 814 816 890 ubique
830 826 993 891 repertum,
1035 865 1050 897 ,1

116 909 316 968 Enumerare:
338 907 438 965 minor
450 905 527 965 fuit
518 923 582 981 rpsa
591 904 715 964 infamia
729 925 810 965 vero.
974 978 980 986 .

116 1003 248 1060 Maenala
260 1000 436 1058 transieram
450 999 571 1056 latebris
587 1000 737 1058 horrenda
749 991 890 1071 ferarum,
970 1004 978 1019 '

114 1093 155 1154 Et
169 1111 242 1152 cum
254 1093 380 1166 Cyllene
395 1091 485 1168 gelidi
499 1089 600 1165 pineta
613 1089 729 1165 Lycaei.
777 1092 782 1098 ⁴
943 1087 946 1090 ⁴

115 1186 252 1246 Arcados
265 1183 334 1242 hine
346 1185 434 1241 sedes
448 1195 480 1242 et
490 1182 639 1258 inhospita
651 1194 731 1240 tecta
743 1182 859 1258 tyranni

18 1335 32 1352 Ι,
114 1276 285 1355 Ingredior,
294 1279 447 1336 traherent
460 1295 531 1334 cum
545 1293 614 1334 sera
628 1279 807 1350 crepuscula
816 1288 947 1340 noctem.

117 1371 210 1446 Signa
223 1369 292 1428 dedi
305 1370 425 1428 venisse
440 1367 554 1438 Deum;
574 1371 747 1446 vulgusque
761 1367 880 1444 precari

116 1465 269 1540 Coeperat:
291 1461 395 1522 irridet
409 1463 509 1540 primo
522 1461 572 1538 pia
585 1475 652 1521 vota
666 1464 794 1538 Lycaon

116 1559 204 1626 Mox,
216 1557 267 1624 ait,
280 1556 430 1630 experiar,
445 1555 531 1610 Deus
545 1554 604 1634 hic,
617 1552 791 1610 discrimine
804 1564 916 1628 apertu,

115 1650 165 1708 An
179 1647 217 1705 sit
227 1646 374 1705 mortalis:
396 1663 451 1704 nec
467 1644 525 1702 erit
539 1631 700 1702 dubitabile
713 1662 829 1702 verum.
928 1640 937 1653 '

115 1741 215 1799 Nocte
229 1756 353 1816 gravem
368 1755 485 1805 somno,
499 1755 555 1794 nec
569 1737 657 1811 opina
670 1739 798 1812 perdere
811 1749 908 1797 morte

116 1831 171 1892 Me
186 1843 276 1906 parat.
291 1829 367 1890 Haee
381 1830 427 1888 illi
440 1832 538 1905 placet
551 1830 738 1906 experientia
747 1830 821 1889 veri

116 1927 184 1986 Nec
198 1935 356 1983 contentus
368 1941 414 1992 eo,
427 1922 514 1980 missi
505 1921 564 1981 de
578 1936 669 1998 gente
683 1925 821 1982 Molossa

117 2016 239 2079 obsidis
253 2017 341 2079 unius
354 2015 498 2096 jugulum
514 2033 659 2076 mucrone
674 2016 807 2075 resolvit:

116 2114 219 2187 Atque
233 2109 275 2169 ita
288 2109 459 2168 semineces
471 2108 582 2185 partim
597 2110 781 2168 ferventibus
794 2120 877 2171 artus
947 2102 952 2108 ¹

116 2204 220 2263 Mollit
232 2193 327 2280 aquis,
341 2202 451 2279 partim
464 2202 600 2281 subjecto
615 2202 724 2263 torruit
735 2202 811 2280 igni.

116 2299 202 2372 Quos
216 2298 306 2356 simul
320 2296 465 2371 imposuit
477 2296 604 2363 mensim
618 2316 678 2373 ego
691 2283 808 2355 vindice
822 2297 942 2357 flamma

117 2392 152 2451 In
165 2388 288 2447 domino
298 2386 405 2461 dignos
422 2386 517 2443 everti
530 2397 611 2443 tecta
622 2399 757 2461 penates.

117 2478 257 2539 Territus
270 2478 321 2537 ille
333 2476 422 2553 fugit,
436 2486 603 2551 nactusque
617 2476 735 2536 silentia
747 2478 827 2539 ruris

117 2574 272 2642 Exutuiat,
283 2572 453 2646 frustraque
468 2569 551 2646 loqui
564 2584 698 2630 conatur:
718 2572 834 2649 abipso

117 2666 243 2743 Coliigit
254 2684 289 2724 os
301 2665 426 2733 rabiem,
440 2664 603 2741 solitaeque
609 2663 750 2741 cupidine
764 2667 858 2729 caedis

117 2760 277 2819 Vertitur
268 2778 300 2817 1n
312 2758 455 2834 pecudes.
476 2770 508 2815 et
520 2776 599 2815 nunc
613 2778 731 2834 quoque
745 2761 891 2838 sanguine
905 2765 1033 2841 gaudet„

117 2854 152 2910 In
167 2851 254 2909 villos
267 2854 377 2908 abeunt
391 2862 499 2918 vestes,
509 2849 541 2907 in
555 2868 645 2909 crura
656 2850 769 2909 lacerti.

113 2942 168 3003 Fit
180 2947 277 3019 iupus,
291 2956 323 3001 et
336 2943 447 3001 veteris
462 2955 560 3001 servat
569 2942 704 3021 vestigia
717 2944 846 3005 fermae

118 3034 251 3095 Canities
264 3036 371 3095 eadem
385 3047 440 3104 est,
454 3036 558 3095 eadem
574 3036 713 3097 violentia
725 3041 821 3098 vultu:

118 3128 216 3188 Iidem
229 3128 310 3188 oculi
324 3132 437 3189 lucema
459 3128 566 3189 eadem
580 3128 705 3191 feritatis
719 3131 829 3212 image.
