2400 4100
340 656 913 738 Mururronrueenou
1037 722 1046 760 .-

421 874 424 879 ’
502 896 633 955 crocu
655 896 744 958 xm.
855 880 860 887 ’

193 1143 342 1200 Certamen
353 1146 431 1199 inter
444 1142 562 1216 Ajacem
574 1156 602 1199 et
620 1146 762 1216 Ulyrrem,
775 1148 813 1202 de
824 1145 920 1200 Arndt
932 1144 1084 1222 Actiuteq

572 1252 646 1294 ῘΑΒ.
659 1256 682 1295 1.

158 1350 434 1447 CONSEDERE
448 1388 550 1445 duceer
563 1398 603 1455 et,
616 1386 700 1462 vulgi
711 1397 806 1445 stante
819 1402 936 1455 corona,

160 1479 265 1554 Surgit
276 1480 313 1537 ad
326 1480 380 1535 hos
390 1477 487 1553 clypei
501 1478 639 1537 dominus
653 1476 860 1551 septemplicis
871 1476 963 1554 Ajaxr

156 1571 261 1647 thue
273 1582 336 1627 erat
349 1570 506 1642 impatiens
516 1569 578 1633 irae‚
592 1573 705 1646 Segei‘a
718 1584 802 1627 torro
826 1643 829 1648 Ι

157 1660 273 1719 Littora
284 1658 428 1733 respexit,
441 1660 629 1735 classemque
642 1660 672 1716 in
686 1660 784 1718 littore
797 1663 892 1719 vultu:

157 1753 377 1826 Intendensque
388 1768 504 1817 manus,
519 1750 651 1827 Agimus
665 1752 734 1828 (pro
747 1752 764 1810 J
767 1752 889 1828 upiterl)
901 1751 1009 1829 inquit,
1072 1812 1076 1820 ,

85 1904 89 1919 f
156 1846 238 1903 Ante
253 1854 332 1916 rates
345 1860 476 1910 causam,
487 1854 517 1899 et
529 1862 654 1902 mecum
667 1843 819 1903 confertur
833 1843 971 1921 Ulysses!
1053 1920 1057 1927 .

156 1938 200 1996 At
213 1955 272 2004 non
283 1935 443 1994 Hectoreis
457 1934 605 1994 dubitavit*
614 1939 724 1995 cedere
735 1936 874 1995 flammis:

155 2031 240 2103 Quas
249 2049 308 2105 ego
318 2027 455 2096 sustinui;
469 2049 543 2106 quas
554 2032 611 2086 hac
623 2050 641 2088 a
651 2032 747 2088 classe
760 2026 878 2106 fugavi<
890 2038 900 2106 ζ

156 2122 268 2182 Tutius
281 2132 329 2179 est
341 2120 417 2178 fictis
426 2120 520 2198 igitur
531 2123 712 2180 contendere
725 2119 834 2187 verbis,

156 2215 256 2287 Quam
270 2231 404 2290 pugnare
417 2231 517 2270 manu.
538 2215 599 2272 Sed
609 2233 665 2272 nec
677 2213 753 2274 mihi
762 2211 865 2270 dicere
879 2220 1066 2286 promptum

156 2309 224 2366 Nec
236 2307 336 2364 facere
349 2318 396 2364 est
409 2305 468 2364 isti.
491 2309 704 2382 Quantumque
718 2324 778 2381 ego
788 2317 884 2390 marte
898 2303 1000 2388 leroci,

155 2398 310 2469 Quantum
321 2396 385 2453 acie
399 2399 494 2462 valeo,
504 2407 621 2452 tantum
633 2400 709 2454 valet
722 2397 778 2454 iste
791 2397 948 2472 loquendo.

154 2488 223 2546 Nec
236 2486 429 2544 memoranda
441 2497 540 2546 tamen
554 2487 636 2544 vobis
646 2506 716 2546 mea
728 2488 814 2556 lacta,
827 2485 956 2564 Pelasgi,

153 2578 232 2638 Esse
244 2597 322 2639 reor:
338 2577 455 2636 vidistis
469 2578 560 2637 enim.
581 2581 642 2638 Sua
655 2592 755 2639 narret
769 2583 906 2656 Ulyssem

153 2671 232 2744 Quae
247 2670 310 2730 sine
326 2683 402 2748 teste
413 2671 501 2746 gerit,
513 2691 642 2747 quorum
655 2690 713 2731 nox
726 2674 842 2732 conscia
854 2676 921 2731 oola
929 2680 984 2728 eat.

152 2763 283 2822 Praemia
292 2781 402 2835 magna
414 2764 476 2842 peti
492 2763 598 2822 fateor:
613 2769 665 2822 sed
680 2767 777 2826 demit
788 2769 932 2827 honorem

152 2857 291 2914 AEmulus
305 2853 405 2932 Ajaci.
426 2855 495 2911 Non
509 2867 555 2913 est
568 2855 701 2914 tenuisse
713 2861 885 2932 superbum,

153 2945 199 3004 Sit
213 2946 281 3004 licet
292 2947 348 3002 hoc
362 2943 479 3022 ingena,
493 2948 637 3024 quidquid
649 2950 779 3024 speravit
796 2953 929 3025 Ulyssea.

152 3039 215 3097 Iste
226 3037 296 3096 tulit
310 3036 441 3112 pretium
452 3038 515 3115 jam
526 3058 605 3098 nunc
618 3042 792 3100 certaminis
806 3041 908 3118 hujus;

153 3131 305 3202 Quocum
318 3129 418 3186 victua
427 3130 492 3196 erit,
507 3150 629 3192 mecum
642 3136 772 3190 certasse
785 3134 910 3191 seretur.
951 3191 956 3200 ,

151 3224 255 3297 Atque
268 3241 338 3297 ego,
350 3220 375 3277 si
389 3221 484 3300 virtus
496 3223 526 3280 in
538 3243 587 3281 me
601 3224 769 3284 dubitabilis
782 3236 875 3296 esset,

152 3309 317 3372 Nobilitate
332 3325 437 3388 potens
450 3333 562 3382 essem,
574 3317 741 3376 Telamone
754 3331 884 3386 creatus,

153 3403 270 3462 Moenia
280 3404 333 3478 qui
347 3405 415 3462 sorti
430 3407 559 3484 Trojana
573 3411 628 3466 sub
643 3411 777 3491 Hercule
790 3407 881 3484 cepite

151 3493 325 3569 Litteraque
337 3496 454 3557 intravit
467 3499 611 3577 Pegasaea
623 3500 736 3562 Colcho
747 3499 855 3560 carine.
