2400 4100
14 236 16 241 ·
121 225 168 291 35
432 180 728 280 Muruuonru.

119 362 192 423 Huc
203 377 324 437 quoque
336 360 519 439 terrigenam
532 367 651 423 venisse
666 366 811 440 Typhoea
820 375 939 437 sarran

118 456 160 515 Et
174 473 206 512 se
220 453 354 511 mentitis
368 448 500 527 Superos
513 458 629 540 relisae
643 456 763 533 liguria

118 546 252 623 Duxque
266 544 382 623 gregis,
396 546 480 617 dixit,
492 548 525 607 fit
539 548 671 624 Jupiter:
685 552 765 608 unde
777 550 911 609 recurvis

117 639 209 701 Nunc
223 656 343 713 quoque
355 637 499 698 formatus
513 641 604 716 Libys
615 652 662 699 est
672 660 745 724 cum
750 643 891 704 cornibus
904 643 1049 707 Ammon.

118 730 229 790 Delius
241 730 273 789 in
284 749 385 798 corvo,
398 734 497 805 proles
511 732 666 792 Semeleia
679 753 781 810 capro,

93 831 98 839 '
117 825 190 883 Fele
205 843 289 883 soror
302 823 417 891 Phoebi,
430 824 518 883 nivea
533 825 673 885 Saturnia
686 846 786 897 vacca,

117 917 206 976 Pisce
219 918 325 980 Venus
339 916 437 986 latuit,
450 918 607 994 Cyllenius
622 918 715 977 ibidis
726 917 789 977 alis.

156 1011 313 1068 Hactenus
326 1012 362 1067 ad
375 1008 520 1067 citharam
535 1010 650 1069 vocalia
663 1022 798 1069 moveret
808 1029 872 1069 ora:

116 1101 276 1173 Poscimur
289 1102 434 1160 Aonides:
449 1104 501 1160 sed
515 1101 639 1161 forsitan
652 1103 712 1160 otia
724 1121 782 1161 non
795 1104 866 1185 sinu

117 1196 185 1253 Nec
197 1194 307 1253 nostris
320 1192 454 1268 praebere
468 1206 553 1271 vacet
566 1194 621 1253 tibi
634 1195 769 1253 cantibus
783 1214 898 1254 aurem.

116 1288 167 1347 Ne
179 1286 289 1355 dubita,
302 1297 498 1363 vestrumque
512 1286 586 1361 mibi
600 1287 681 1347 refer
692 1287 797 1346 ordine
810 1305 944 1357 carmen,

115 1381 215 1439 Pallas
229 1380 279 1439 ait:
293 1380 486 1456 nemorisque
501 1380 561 1439 levi
570 1380 706 1440 consedit
719 1381 750 1439 in
763 1384 878 1441 umbra.
936 1436 939 1439 ,

116 1474 210 1533 Musa
220 1473 322 1549 refert.
336 1472 485 1533 Dedimus
497 1493 648 1531 summam
663 1474 835 1532 certaminis
849 1473 909 1531 uni.

117 1564 235 1641 Surgit,
247 1577 278 1621 et
291 1564 444 1621 immissos
456 1565 567 1621 hedera
577 1567 704 1620 collecta
716 1564 839 1635 capillos
880 1573 883 1576 ‘

116 1658 253 1730 Calliope
268 1658 408 1734 querulas
420 1666 578 1729 praetentat
590 1656 699 1729 pollice
712 1657 848 1714 chordas:
899 1700 905 1709 .

117 1748 218 1825 Atque
232 1749 297 1807 haec
312 1745 461 1823 percussis
470 1744 628 1825 subjungit
641 1747 776 1806 cumina
787 1747 898 1808 nervis.

176 1999 354 2067 Proserpina
368 2017 386 2054 a
399 1998 524 2064 Plutone
537 2006 635 2068 rapta,
648 2010 676 2055 et
693 1997 789 2072 Cyane
802 2002 833 2055 in
846 2001 977 2059 Fontem.
1054 2047 1059 2054 .
1083 2029 1086 2035 ·
1187 1994 1189 2006 '

521 2109 594 2150 FAB.
605 2110 649 2149 Vl.

194 2215 304 2272 Parus
319 2212 414 2270 Ceres
427 2229 505 2269 unco
519 2212 638 2287 glebam
652 2209 778 2270 dimovit
791 2223 898 2271 aratro:

116 2308 219 2372 Prima
232 2305 315 2366 dedit
325 2305 438 2380 fruges,
450 2302 650 2379 alimentaque
662 2302 749 2364 mitia
761 2304 861 2362 terrisz

116 2400 219 2460 Prima
233 2396 315 2454 dedit
330 2399 423 2470 leges.
445 2396 568 2454 Cereris
580 2415 686 2454 sumus
697 2395 798 2454 omnia
810 2413 929 2454 munus.
992 2426 1001 2434 ·

116 2494 173 2551 illa
187 2489 320 2546 canenda
332 2485 408 2544 mihi
417 2497 476 2546 est.
498 2486 622 2546 Utinam
636 2490 726 2547 modo
738 2488 838 2548 dicere
851 2505 975 2563 possem

116 2580 259 2656 Carmina
271 2577 361 2656 digna
373 2577 449 2646 Dea.
471 2579 561 2637 Certe
577 2579 646 2636 Dea
655 2579 788 2641 carmine
800 2572 892 2658 digna
901 2591 959 2641 est.

114 2677 208 2736 Vasta
219 2671 367 2749 giganteis
380 2670 498 2748 ingesta
511 2683 557 2730 est
570 2671 668 2729 insula
678 2672 825 2731 membris

79 2827 83 2834 ,
113 2765 278 2834 Trinacria
292 2777 321 2823 et
333 2762 453 2840 magnis
466 2762 636 2841 subjectum
649 2763 779 2826 molibus
792 2775 883 2841 urget

26 2899 31 2906 ·
114 2863 272 2920 AEthereas
285 2875 388 2916 ausum
402 2875 525 2932 sperare
537 2855 681 2930 Typhoea
696 2856 793 2912 sedes
821 2889 830 2901 -

113 2952 231 3013 Nititur
242 2950 293 3008 ille
308 2949 441 3025 quidem,
454 2961 629 3025 pugnatque
640 2965 800 3024 resurgere
814 2963 907 3026 saepes

112 3045 231 3105 Dextra
241 3044 293 3100 sed
304 3041 440 3102 Ausonio
452 3059 559 3100 manus
573 3053 621 3099 est
634 3041 769 3119 subjecta
783 3042 901 3098 Peloro:

11 3181 13 3194 .
112 3139 213 3207 Laeva,
228 3139 375 3211 Pachyne‚
387 3133 450 3192 tibia
466 3131 598 3209 Lilybaeo
614 3151 702 3191 crura
714 3143 905 3207 premuntur:

113 3229 267 3305 Degravat
279 3230 363 3288 AEtna
376 3237 475 3302 caput:
492 3229 546 3284 sub
561 3246 620 3302 qua
633 3224 794 3301 resupinus
808 3243 911 3285 arenas
939 3228 941 3233 '

114 3318 245 3399 Eiectat,
258 3321 469 3394 flammamque
484 3318 547 3378 fero
562 3321 654 3378 vomit
666 3335 717 3381 ore
733 3317 899 3394 Typlsoeus.
949 3382 959 3400 -.

114 3412 204 3486 Saepe
216 3412 350 3471 remoliri
358 3416 491 3479 ,luctatur
503 3415 638 3486 pondera
647 3424 742 3479 terrra

115 3503 306 3581 oppidaque,
318 3516 348 3565 et
358 3523 484 3582 magnos
497 3507 632 3564 evolvere
643 3523 768 3581 corpore
779 3514 906 3564 montes.
