2400 4100
181 253 250 322 llo
488 239 787 307 Mutationem

176 395 227 451 Nil
241 392 297 449 illis
310 390 432 448 vetitum
446 402 497 457 est;
512 390 802 467 incommendataque
816 394 905 451 tellus

175 486 292 547 Omnis,
303 497 333 541 et
344 502 432 541 omne
446 480 563 541 fretum.
584 486 655 541 Coeli
669 502 784 558 quoque
798 486 896 556 nubila
909 498 1028 557 vesane

82 638 84 643 ,
174 578 395 651 Excutlnntque
410 574 477 633 ieris
492 574 593 633 rutilos
608 570 799 634 concursibus
808 574 904 655 ignes.

174 670 243 742 Quo
256 673 351 745 magis
366 671 419 724 hos
432 668 508 735 novi,
521 667 603 742 (nam
617 668 693 735 novi,
707 682 736 725 et
748 688 827 743 saepe
842 683 961 743 paterna
1060 682 1063 685 ’

70 760 75 767 “
173 764 269 821 Parra
281 765 371 819 durno
383 760 464 835 vidi,)
477 760 575 833 magis
590 763 645 816 hoc
659 778 724 817 reor
734 779 799 817 esse
812 763 963 820 timendos.

174 858 261 929 Quod
275 869 323 914 tua
338 873 362 911 sr
354 854 454 911 flecti
469 854 605 927 precibus
617 854 756 911 sententia
769 854 868 921 nullis,

95 1002 98 1005 .
173 951 260 1015 Care,
274 958 378 1023 potest,
388 944 510 1022 conjux,
522 940 709 1022 nimiumque
722 966 754 1003 es
766 959 865 1004 certus
876 945 974 1016 eundi;
1040 998 1059 1013 ,

172 1044 226 1101 Me
241 1058 359 1116 quoque
372 1042 440 1096 tolle
454 1040 554 1095 simul
575 1040 663 1095 Certe
676 1039 853 1115 jactabimur
866 1057 935 1096 una:

172 1136 248 1201 Nec,
262 1135 316 1190 nisi
330 1150 397 1206 quae
413 1133 512 1205 patiar,
527 1125 670 1197 metuam:
684 1129 850 1205 pariterque
864 1128 995 1188 feremus
1064 1146 1068 1150 ·

170 1226 323 1301 Quicquid
336 1224 408 1291 erin,
416 1224 523 1297 pariter
536 1240 627 1296 super
641 1238 760 1297 aequota
772 1224 829 1279 lats
843 1221 982 1279 feremur.

172 1319 297 1379 Talibus
312 1316 438 1375 AEolidos
451 1316 539 1373 dictis
553 1312 750 1392 lacrymisque
766 1330 901 1374 moretur

170 1414 312 1471 Srdereus
326 1426 446 1486 conJux
463 1426 558 1483 neque
574 1410 654 1466 enim
669 1426 766 1466 minor
778 1426 856 1494 ignis
868 1426 898 1465 tn
911 1427 975 1481 ipso
988 1420 1041 1467 est.
1101 1425 1105 1429 ·
1180 1439 1182 1444 ·

164 1506 229 1562 Sed
243 1522 339 1587 neque
352 1502 515 1587 propositos
529 1499 645 1583 pelagi
638 1489 784 1557 dimittere
798 1517 914 1567 cursus,
965 1512 969 1518 ’

168 1594 235 1653 Nec
250 1596 310 1649 vnlt
325 1582 518 1661 Halcyonen
510 1606 538 1643 tn
553 1574 666 1659 partein
677 1590 811 1645 adhibere
825 1589 993 1661 pericli·
1060 1584 1068 1592 ’

169 1687 325 1757 Multaque
338 1680 484 1763 respondit
497 1678 636 1767 timidum
649 1661 768 1739 solantia
781 1693 895 1755 pectus.
963 1688 967 1691 ’
995 1684 998 1686 ’
1083 1666 1090 1672 q

168 1780 236 1837 Nec
249 1786 347 1833 tamen
362 1774 471 1831 idcirco
486 1762 605 1829 cansam
619 1775 730 1846 probat
752 1774 872 1831 Addidit
885 1773 1000 1831 illis

167 1868 237 1927 Hoc
249 1884 366 1943 quoque
381 1863 521 1932 lenimen,
535 1882 594 1937 quo
604 1866 666 1921 solo
679 1863 759 1922 flexit
773 1876 933 1923 amantem.
996 1864 1002 1879 ‘

167 1960 272 2035 Longa
286 1960 407 2033 quidem
422 1955 505 2013 nobis
518 1956 615 2013 omnis
627 1975 719 2014 mora:
734 1958 784 2015 sed
798 1958 849 2016 tibi
860 1957 931 2035 Jum
1010 2007 1019 2022 .

168 2055 232 2114 Per
240 2050 348 2128 patrios
361 2052 446 2126 ignes
460 2046 501 2124 (si
515 2067 562 2105 me
576 2050 666 2105 modo
679 2045 743 2107 fata
749 2050 914 2128 remittent)

168 2150 248 2208 Ante
264 2161 462 2209 reversurum,
477 2159 568 2216 quam
583 2143 666 2199 Luna
678 2141 723 2198 bis
735 2140 863 2232 impleat
866 2146 979 2202 orbem.
1028 2139 1033 2143 ’

167 2241 226 2300 His
240 2239 288 2297 ubi
302 2233 456 2312 promissis
469 2251 536 2308 spes
550 2246 594 2291 est
607 2233 724 2291 admota
734 2252 886 2304 recursum
938 2242 945 2250 ’
1002 2236 1006 2242 ’

166 2331 305 2392 Protinus
318 2331 453 2386 eductam
466 2323 620 2382 navalibus
632 2325 848 2402 aequoretingi,

166 2423 332 2497 Aptarique
347 2419 411 2476 suis
421 2417 524 2490 pinum
538 2417 620 2493 jubet
633 2419 831 2476 armamentis.

163 2514 234 2585 Qua
246 2527 348 2568 rursus
356 2509 432 2576 visa,
444 2506 535 2590 veluti
549 2525 685 2584 praesaga
696 2507 798 2577 futuri,

165 2605 291 2665 Horruit
305 2599 467 2678 Halcyone:
482 2601 688 2675 lacrymasque
700 2601 801 2660 emisit
812 2596 936 2683 obortas}

72 2715 74 2718 '
162 2700 394 2773 Amplexusque
407 2695 495 2752 dedit:
511 2691 646 2769 tristique
661 2693 828 2756 miserrima
841 2696 958 2754 tandem
973 2685 982 2696 ⁸

163 2793 237 2859 Ore,
253 2791 336 2850 Vale
349 2788 431 2845 dixit.
444 2783 645 2874 collapsaque
642 2801 764 2862 corpore
777 2799 836 2844 tota
848 2799 902 2844 est
963 2832 965 2835 .
1027 2797 1031 2801 “
1077 2869 1086 2882 ‚
1180 2766 1182 2805 Ε

132 2934 134 2946 ,
152 2884 243 2943 ·Ast
233 2899 364 2960 Juvenes‚
378 2889 528 2968 quaerente
542 2896 639 2934 moras
653 2879 761 2952 Ceyce,
776 2880 919 2968 reducunt

164 2975 325 3036 Ordinibus
338 2969 465 3049 geminis
479 2970 513 3028 ad
529 2969 612 3045 fortia
625 2985 743 3055 pectora
757 2978 871 3028 remos:

163 3069 336 3146 AEqualique
348 3065 407 3122 ictu
423 3059 560 3120 scindunt
573 3042 665 3118 freta·
672 3050 796 3120 Sustulit
809 3050 858 3120 illa
925 3081 929 3083 ’

162 3161 339 3221 Humentes
347 3157 468 3222 oculos3
473 3165 660 3228 stantemque
674 3157 703 3212 in
719 3173 816 3228 puppe
829 3172 962 3225 recurre,

164 3255 375 3324 Concussaque
390 3252 481 3304 manu
495 3247 612 3304 dantem
627 3246 719 3304 sibi'
696 3264 778 3322 signa
792 3247 933 3307 maritum

161 3345 263 3403 Prima
275 3343 364 3408 viden
380 3329 539 3421 redditque
546 3349 638 3398 notas
660 3337 720 3396 Ubi
732 3350 808 3396 terra
822 3341 943 3398 recessit
1042 3325 1046 3332 ⁸

161 3434 306 3512 Longius,
313 3443 403 3510 atque
416 3429 494 3490 oculi
508 3443 657 3506 nequeunt
670 3451 846 3509 cognoscere
860 3435 978 3501 vultus3
1041 3428 1045 3434 ’
