2400 4100
485 267 563 326 LIB.
581 266 621 326 11.
642 265 733 325 Fau.
749 265 773 322 1.

61 433 63 438 ·
163 415 289 489 Verque
302 430 415 472 novum
428 415 521 472 stabat
535 412 668 472 cinctum
680 411 804 470 florente
820 426 939 467 coronae

164 507 267 565 Stabat
279 507 477 578 nuda'AEstas‚
489 519 520 564 et
532 507 634 582 spicea
645 517 727 562 serta
742 504 877 581 gerebata

166 601 265 658 Stabat
279 611 310 658 et
323 603 498 660 Autumnus
512 600 635 658 calcatis
650 595 787 654 sordidus
799 593 876 654 urias

165 693 204 750 Et
217 692 353 768 glacialis
365 693 485 768 ¹Hyems
498 711 588 751 canos
601 691 718 748 hirsuta
730 689 864 764 capillos

166 785 238 842 Inde
254 787 320 842 loco
334 779 461 856 medius,
476 803 579 844 rerum
592 783 725 842 novitate
736 792 899 856 parentem

165 877 216 936 Sol
229 879 328 936 oculis
340 877 484 954 juvenem
497 877 607 952 quibus
620 875 728 950 aspicit
741 873 853 944 omnia,
866 871 948 931 vidit.
970 953 974 959 g

166 969 303 1044 Quaeque
318 970 372 1030 viae
383 970 437 1030 tibi
449 969 553 1029 causa?
574 969 647 1045 quid
660 971 725 1039 bac,
737 967 789 1037 ait,
803 985 872 1026 arce
887 966 999 1041 petisti,

164 1063 339 1142 Progenies,
353 1065 519 1133 Phaethon,
534 1064 611 1122 baud
626 1061 785 1120 inficianda
796 1059 926 1138 parenti?

164 1157 219 1213 llle
235 1157 337 1225 refert,
352 1159 380 1215 Ο
397 1159 450 1214 lux
464 1156 607 1216 immensi
621 1155 738 1231 publica
752 1154 867 1223 mundi,

163 1247 276 1306 Phoebe
290 1261 384 1325 pater,
398 1250 425 1306 si
438 1251 490 1308 das
502 1250 593 1328 hujus
608 1249 685 1308 mibi
695 1248 826 1308 nominis
839 1267 941 1319 usum,

162 1341 233 1398 Neu
248 1341 322 1398 falsa
334 1343 484 1416 Clymene
497 1346 618 1417 culpem
633 1345 688 1402 sub
701 1343 835 1418 imagine
848 1344 939 1411 celat;

162 1433 298 1509 Pignora
311 1435 357 1502 ds,
373 1434 503 1508 genitor,
511 1452 568 1506 per
580 1453 650 1508 quae
664 1448 717 1492 tua
730 1452 801 1491 vera
813 1453 949 1508 propago

164 1527 286 1594 Credam
308 1537 339 1583 et
352 1529 430 1583 hunc
446 1525 554 1584 animis
567 1545 701 1584 errorem
716 1527 840 1584 detrabe
853 1527 972 1583 nostris.

161 1620 302 1681 Dixerat.
322 1621 366 1678 At
377 1619 496 1697 genitor
509 1619 626 1680 circum
638 1631 729 1694 caput
741 1637 832 1678 omne
845 1618 992 1678 micantes

166 1713 317 1787 Deposuit
332 1711 439 1782 radiosa
459 1713 648 1790 propiusque
663 1716 810 1772 accedere
823 1715 926 1791 jussio

166 1805 384 1880 Amplexuque
399 1808 477 1873 datu,
489 1825 547 1865 nec
560 1819 593 1864 tu
608 1825 697 1864 meus
709 1825 778 1864 esse
791 1807 897 1883 negari

87 1945 92 1952 .
166 1897 287 1972 Dignus
301 1919 346 1966 es;
368 1900 561 1974 et-Clymene
573 1919 673 1968 veros,
685 1901 735 1968 ait,
748 1899 846 1957 edidit
858 1910 950 1958 ortus.

167 1991 294 2067 Quoque
307 1991 410 2050 minus
422 1991 554 2063 dubitem
575 1992 703 2068 quodvis
716 2002 785 2067 pete
799 2011 925 2051 munuae
945 1992 1077 2065 utillud,

166 2084 220 2143 Me
234 2085 395 2152 tribuente,
407 2085 497 2154 seras,
512 2085 669 2159 promissis
681 2085 770 2146 testis
781 2089 884 2146 adesto

166 2174 223 2233 Dis
235 2176 365 2253 juranda
378 2180 474 2251 palus,
488 2179 586 2235 oculis
599 2179 754 2254 incognita
763 2180 883 2237 nostris.

166 2270 229 2327 Vix
245 2274 323 2327 bene
336 2267 478 2326 desierat:
497 2283 604 2325 currus
618 2282 705 2345 rogat
718 2269 769 2326 ille
783 2282 935 2343 paternos,

167 2364 265 2437 loque
280 2360 362 2419 diem
377 2361 528 2437 alipedum
540 2361 639 2439 juset
653 2364 848 2421 moderamen
862 2382 1020 2439 equorum.

166 2454 315 2515 Poenituit'
322 2455 442 2535 jurasse
456 2468 582 2531 patrem.
603 2457 665 2529 Qui
679 2468 788 2533 terque
801 2472 968 2537 quaterque

167 2549 352 2607 Concutiens
365 2550 481 2607 illustre
495 2562 594 2625 caput,
608 2551 795 2619 Temeraria,
808 2552 897 2623 dixit,

129 2662 136 2676 ·
166 2642 237 2699 Vox
252 2662 319 2700 mea
333 2643 411 2700 facta
424 2654 474 2700 tua
488 2656 542 2701 est.
565 2643 691 2702 Utinam
706 2645 854 2719 promissa
866 2649 971 2707 liceret

166 2736 235 2793 Non
246 2734 329 2793 dare!
351 2734 506 2804 confiteor,
521 2739 620 2799 solum
633 2740 690 2795 boc
704 2736 766 2803 tibi,
779 2749 858 2807 nate,
870 2756 1025 2817 negarem.

167 2827 350 2887 Dissuadere
366 2828 446 2888 licet.
466 2832 537 2888 Non
555 2842 603 2889 est
613 2841 664 2888 tua
674 2843 739 2890 tuta
750 2835 896 2892 voluntas.

167 2920 279 2994 stagna
293 2923 381 2999 petis,
394 2926 560 2993 Pba'e‘thom
583 2937 614 2983 et
627 2938 696 3001 quae
707 2946 763 2985 nec
777 2926 889 2986 viribus
902 2928 968 2989 istis

167 3015 298 3073 Munera
311 3018 498 3086 conveniant,
509 3036 566 3075 nec
580 3030 641 3075 tam
653 3019 821 3095 puerilibus
834 3022 929 3079 annis.

167 3109 239 3167 Sors
252 3122 303 3169 tua
315 3110 462 3167 mortalias
485 3129 542 3167 non
557 3122 603 3169 est
616 3115 742 3171 mortale
756 3117 836 3189 quod
848 3131 941 3188 optas.

165 3203 240 3261 Plus
250 3202 340 3259 etiam
351 3220 441 3278 quarn
457 3206 537 3279 quod
555 3202 679 3278 Superis
693 3206 870 3283 contingere
882 3206 927 3263 sas
940 3207 988 3277 sit,

167 3296 303 3355 Nescius
317 3298 448 3355 all'ectss.
471 3298 591 3355 Placeat
604 3298 659 3358 sibi
673 3300 801 3375 quisque
817 3285 927 3369 licebit}

164 3386 235 3445 Non
251 3404 351 3445 tamen
364 3386 495 3465 ignifero
507 3390 668 3465 quisquam
682 3392 849 3451 consistere
862 3393 892 3452 in
907 3415 964 3455 axe

167 3480 221 3536 Me
236 3484 315 3537 valet
324 3490 468 3559 'excepto
490 3482 579 3541 Vasti
592 3504 711 3562 quoque
724 3499 825 3543 rector
839 3488 974 3567 Olympi,

166 3573 229 3645 Qui
243 3573 306 3635 fera
319 3575 445 3635 terribili
457 3577 607 3657 jaculatur
618 3577 747 3639 fulmina
759 3581 873 3652 desua
