2400 4100
150 295 196 364 12
285 371 289 376 1
421 345 429 364 ,
461 251 772 370 uursuoirsn
803 315 807 323 ›

145 433 296 492 Omnibus
306 431 406 491 audita
416 442 462 492 est
474 427 590 490 telluris
604 441 636 488 et
647 427 778 505 aequoris
789 422 887 487 undis·

145 527 186 585 Et
199 523 306 600 quibus
320 537 367 584 est
378 524 465 582 undis
479 521 589 592 audita,
603 521 740 581 coenula
749 536 869 580 omnes.

144 617 211 676 lam
226 635 310 676 mare
324 619 406 677 littus
419 620 519 688 habct3
540 635 559 692 p
561 619 645 674 enos
650 614 738 690 capit
753 617 855 688 alvens
867 627 984 671 amnes·

145 709 284 768 Flumina
297 709 475 781 subsidunt3
483 709 578 766 colles
591 710 675 767 exire
688 707 862 777 videntur.

146 801 252 879 Surgit
265 806 388 862 humus:
409 813 549 888 crescunt
562 805 628 860 loca
639 764 884 859 decrescentibus
897 795 996 856 undis:
1064 839 1068 843 -

145 895 277 971 Postque
291 895 373 955 diem
385 897 508 974 longam
522 897 632 953 nudata
644 888 803 952 cacumina
816 888 905 950 silvae

147 989 327 1060 Ostendant,
341 989 512 1064 limumque
527 997 632 1046 tenent
643 985 675 1044 iu
688 985 793 1044 fronde
807 984 959 1044 relictum

119 1105 121 1110 ’
146 1081 292 1140 Redditus
305 1081 386 1139 orbis
402 1091 476 1140 erat:
496 1097 591 1160 quem
605 1088 766 1156 postquam
779 1077 854 1139 vidit
867 1077 999 1145 manem,
1063 1069 1067 1078 ’

145 1173 188 1235 Et
200 1175 348 1232 desolatas
361 1189 453 1250 agere
468 1155 528 1232 aito
539 1171 658 1232 silentia
671 1183 779 1242 terras;
873 1193 887 1204 ·’
1024 1233 1027 1238 ,

146 1251 319 1324 Deucalion
330 1265 495 1340 lacrymis
486 1275 529 1325 ua
542 1265 689 1342 Pyrrham
698 1265 807 1323 affatur
819 1263 942 1323 obortis
991 1283 994 1287 ·

148 1359 283 1422 Osoron
297 1361 315 1416 ὁ
329 1355 452 1436 conjux,
466 1363 484 1418 d
498 1355 622 1416 ioemina
634 1360 698 1416 sola
710 1367 875 1432 superstes,

146 1451 247 1524 Quam
260 1467 421 1511 commune
436 1451 512 1510 mihi
525 1469 633 1528 genus,
646 1463 678 1510 et
687 1445 831 1526 patruelis
843 1446 940 1526 origo,
962 1470 965 1474 ⁸

109 1610 114 1620 A
147 1539 266 1600 Deinde
281 1555 365 1601 torus
374 1541 485 1620 junxiq
507 1559 587 1599 nunc
600 1543 667 1616 ipsa
678 1540 814 1615 pericula
824 1543 966 1618 jungunt:

91 1635 94 1642 '
146 1635 323 1704 Terrarum,
336 1651 527 1710 quascunque
541 1633 643 1691 vident
653 1650 778 1691 occasus
789 1643 922 1704 etortus,

147 1726 212 1786 Nos
226 1728 284 1785 duo
297 1729 383 1784 turba
395 1742 511 1785 sumus.
526 1723 674 1784 Possedit
685 1719 798 1784 caet'era
810 1718 929 1804 pontits.

148 1820 238 1887 Nunc
252 1815 372 1896 quoque
386 1821 484 1878 adhuc
497 1815 567 1880 vitae
580 1837 639 1877 non
653 1830 699 1878 est
711 1819 821 1879 fiducia
834 1830 945 1879 n'ostrae

126 1943 128 1946 ·
148 1913 242 1971 Certa
254 1912 335 1984 satis3
355 1926 471 1973 terrent
485 1913 653 1973 etiamnum
665 1913 764 1972 nubila
775 1925 921 1974 mentem.

149 2005 229 2081 Quid
243 2005 306 2074 tibi,
318 2006 344 2065 si
358 2005 422 2065 sine
438 2021 487 2067 me
501 2006 568 2067 latis
583 2007 687 2085 erepta
698 2004 817 2079 luisses,

149 2100 239 2159 Nunc
252 2099 354 2170 animi,
368 2100 545 2163 miseranda,
559 2098 650 2158 foret?
661 2119 731 2177 quo
745 2103 807 2158 sola
818 2099 964 2158 timorem

149 2194 244 2253 Ferre
258 2196 346 2253 modo
356 2192 474 2271 posses?
496 2213 556 2271 quo
567 2195 740 2253 consolante
752 2191 882 2251 dolores?
929 2193 931 2198 '

149 2289 291 2365 Namque
304 2306 365 2363 ego
380 2287 486 2367 (crede
502 2287 591 2365 milii)
605 2286 674 2345 site
689 2288 779 2344 modo
792 2298 900 2360 pontus
913 2285 1047 2353 liaberet,

150 2380 198 2437 Te
212 2396 366 2454 sequerer,
376 2378 501 2455 conjux,
515 2390 546 2435 et
559 2396 609 2435 me
625 2395 746 2451 quoque
760 2390 869 2449 pontus
884 2379 1015 2433 haberet.

151 2472 180 2530 Ο
194 2470 308 2527 utinam
324 2482 446 2544 possem
460 2470 588 2544 populos
597 2485 743 2576 qeparare
756 2467 889 2542 paternis

149 2561 286 2631 Artibus,
298 2572 386 2637 atque
401 2561 523 2620 animas
531 2560 668 2621 formata}
682 2560 841 2620 infundere
853 2559 953 2623 terrae'

151 2652 242 2714 Nunc
257 2672 353 2731 genus
362 2652 395 2715 in
410 2652 495 2715 nobis
508 2664 600 2713 restat
613 2657 741 2713 mortale
753 2656 921 2723 duobus,

152 2746 217 2825 (Sic
231 2746 330 2806 visum
346 2747 485 2825 Superis)
500 2746 718 2820 hominumque
732 2735 1055 2824 exemplamanemtts.
1127 2814 1133 2829 ι

152 2839 289 2906 Dixerat,
301 2848 332 2895 et
346 2837 465 2896 flebant:
485 2836 605 2896 Placuit
618 2840 739 2897 coeleste
753 2838 873 2913 precari

114 2992 115 2995 ,
152 2930 287 2999 Numen,
301 2942 331 2987 et
344 2928 493 2989 auxilinm
506 2948 562 3006 per
574 2948 675 2989 sacras
689 2948 828 3007 quaerere
841 2942 947 2989 sortes.
973 2958 977 2970 ·

152 3024 246 3083 Nulla
259 3040 343 3082 mora
356 3030 411 3091 est;
425 3024 535 3082 adeunt
548 3011 660 3099 paritor
672 3026 853 3102 Cephisidas
862 3026 964 3095 undas,

152 3118 194 3177 Et
206 3116 488 3193 nondumliquloas,
497 3134 555 3174 nec
565 3118 630 3197 jam
641 3120 715 3177 rada
726 3131 798 3178 nota
810 3128 957 3178 secantes.

154 3211 228 3268 Inde
244 3208 296 3267 ubi
309 3208 416 3268 libatos
431 3208 597 3269 inroravere
612 3214 744 3287 liquores

155 3301 300 3361 Vestibus
314 3300 459 3378 etmulti,
478 3302 604 3363 flectunt
615 3304 744 3382 vestigia
757 3315 867 3364 sanctae

156 3396 205 3453 Ad
214 3396 338 3455 delubra
349 3394 438 3465 nean
457 3412 585 3471 quorum
598 3396 716 3473 fastigia
728 3396 809 3473 turpi

156 3478 348 3564 squallebant
363 3506 478 3557 musco;
498 3492 672 3567 stabantque
688 3491 752 3549 sine
769 3490 889 3569 ignibus
901 3503 972 3547 arar.

97 3630 100 3637 ,
157 3582 201 3641 Ut
212 3580 319 3657 templi
331 3580 459 3659 tetigere
470 3582 590 3660 gradus,
605 3584 775 3659 procumbit
786 3594 914 3657 uterque
