2400 4100
117 255 165 322 28
189 339 195 348 ·
430 202 727 316 nerinorum.

97 361 187 453 ¹*Nun
201 396 335 472 agathos
348 411 463 460 currus.
484 395 524 454 Et
537 395 614 470 quid
627 396 700 457 Jove
713 396 814 475 majus
827 374 987 460 habemus}

14 537 20 551 .
116 489 221 546 Ardua
234 487 334 562 prima
347 473 394 549 viri
405 498 464 556 est;
485 499 589 564 etqua
602 489 656 548 vix
667 509 757 550 mane
770 503 910 552 recentes

116 577 365 656 Enilanturequis
387 579 547 640 mediaest
561 580 709 642 altissima
721 586 809 654 cralo,

146 674 204 732 nde
218 691 301 732 mare
314 684 345 732 et
357 684 454 736 terras
466 673 526 750 ipsi
538 674 615 732 mihi
626 693 710 750 saeps
723 677 827 737 videre

115 765 165 826 Fit
172 757 323 872 timorspt
335 765 440 854 pavida
453 767 581 843 trepidat
594 767 756 834 formidine
766 746 883 847 pecttis.

114 860 233 918 Ultima
245 879 338 936 prona
351 859 400 920 via
411 873 468 931 est;
489 875 520 921 et
533 869 615 938 eget
620 864 825 924 moderamine
836 876 930 926 certo
1005 878 1008 886 “

115 953 204 1010 'lunc
217 955 320 1022 etiam,
333 973 402 1029 quae
417 975 468 1014 me
480 955 627 1034 subjectis
637 956 751 1033 excipit
765 959 863 1027 undis,

114 1047 164 1104 Ne
181 1037 279 1104 ferar
271 1063 302 1104 ιιι
317 1063 464 1122 praeceps,
478 1047 596 1123 Tethys
611 1052 690 1108 solet
704 1049 770 1124 ipsa
781 1052 889 1111 vereri.

113 1141 212 1210 Adde,
223 1127 303 1216 quod
316 1142 436 1200 assidua
448 1140 566 1215 rapitur
578 1141 728 1218 vertigine
739 1146 862 1212 coelum;

49 1245 53 1250 ·
113 1231 278 1308 Sideraque
292 1235 352 1290 alta
364 1231 464 1303 trahit,
477 1233 632 1310 celerique
644 1237 796 1294 volumine
809 1247 940 1313 torquet.

1 1397 6 1406 .
112 1326 202 1386 Nitor
214 1326 245 1384 in
259 1328 428 1386 adversum:
449 1346 507 1386 nec
521 1345 582 1398 me,
597 1328 651 1404 qui
666 1343 784 1401 caetera,
797 1329 898 1398 vincit.

114 1421 263 1495 Impetus:
283 1432 316 1478 et
327 1420 429 1494 rapido
439 1421 609 1481 contrarius
621 1424 732 1482 evehor
742 1423 819 1482 orbi.

112 1511 209 1591 Finge
225 1515 308 1572 datos
322 1531 440 1574 currus.
460 1515 542 1585 Quid
556 1513 641 1590 agas?
662 1516 813 1588 poterisne
825 1514 930 1574 rotatis

95 1629 101 1636 ‚
113 1605 230 1663 Obvius
243 1605 288 1663 ire
303 1605 390 1679 polis,
404 1594 442 1663 ne
455 1617 487 1664 te
499 1605 578 1662 citus
591 1607 707 1665 auferat
719 1605 798 1664 axis?
859 1663 862 1668 ,

112 1687 247 1755 Forsitan
262 1711 292 1755 et
303 1700 388 1758 lucos
400 1696 474 1766 illic,
488 1700 648 1774 urbesque,
662 1701 830 1775 domosque

112 1789 272 1866 concipias
284 1788 394 1858 animo,
408 1783 593 1868 delubraque
609 1791 683 1852 dit'ut
694 1792 783 1852 donis

113 1885 200 1942 Esse.
221 1885 280 1942 Per
291 1882 413 1942 insidias
426 1883 485 1942 iter
498 1897 554 1954 est,
568 1884 742 1961 tonnnque
754 1886 899 1945 ferarum.
912 1909 917 1914 *

113 1979 217 2055 thue
231 1975 311 2038 viam
321 1989 435 2047 teneas,
447 1979 590 2054 nulloque
602 1995 706 2038 errore
717 1977 855 2047 traharis3

113 2072 172 2131 Per
187 2084 282 2129 tamen
296 2069 413 2129 adversi
429 2070 575 2147 gradieris
589 2088 704 2130 cornua
714 2071 821 2141 Tauri,

113 2162 327 2239 AEmoniosque
341 2182 440 2234 arcus,
455 2163 638 2241 violentique
650 2184 703 2225 era
715 2163 837 2235 Leonis,

114 2258 259 2331 Saevaque
275 2256 405 2317 circuitu
420 2268 595 2322 curvantem
609 2257 731 2318 brachia
745 2260 836 2333 longo

114 2349 271 2424 Scorpion,
281 2363 370 2424 atque
385 2350 473 2407 aliter
486 2364 661 2412 curvantem
673 2350 795 2408 brachia
806 2352 967 2411 Cancrum

113 2441 181 2499 Nec
192 2440 247 2497 tibi
261 2442 484 2515 quadrupedes,
496 2438 648 2500 animosos
660 2439 781 2518 ignibus
792 2441 833 2500 ill'
893 2432 918 2467 ‘⁴

110 2534 197 2607 Quos
209 2530 239 2589 in
253 2546 376 2607 pectore
387 2532 504 2601 habent,
517 2550 594 2608 quos
606 2552 659 2591 ore
673 2548 704 2595 et
717 2461 963 2606 naribuiffint,

113 2628 149 2684 ln
163 2636 304 2701 promptu
319 2642 426 2701 regere
439 2638 495 2685 est.
517 2626 580 2686 Vix
594 2646 646 2691 rue
661 2627 823 2703 patiuntur,
836 2642 871 2689 ut
882 2648 966 2689 acres

113 2719 273 2777 incaluere
288 2717 391 2786 animi;
412 2720 575 2794 cervixque
589 2735 739 2796 repugnat
752 2722 886 2781 habenis.

112 2814 157 2871 At
168 2826 210 2879 tu,
225 2810 336 2869 funesti
348 2831 386 2869 ne
400 2811 458 2869 sim
472 2811 526 2868 tibi
538 2812 675 2869 muneris
687 2827 802 2882 auctor,

113 2907 144 2965 N
147 2918 204 2974 ate,
217 2922 300 2963 care:
320 2905 394 2962 dum
409 2921 519 2978 resque
532 2902 613 2970 sinit,
625 2915 678 2962 tua
690 2905 812 2982 corrige
826 2917 903 2965 rota.

113 2996 246 3061 Scilicet,
262 3008 295 3053 ut
306 3007 409 3060 nostro
423 2996 560 3101 genitum
576 3008 607 3055 te
620 2997 768 3074 sanguiue
780 3000 897 3069 credas,

112 3090 243 3167 Pignora
255 3102 337 3149 certa
348 3088 438 3165 petis.
459 3089 549 3149 Do
519 3108 649 3168 pignora
661 3103 744 3151 certa
755 3090 899 3160 timendo,

112 3183 153 3241 Et
166 3183 261 3271 patrio
275 3194 358 3259 pater
370 3201 438 3241 esse
450 3196 536 3243 metu
550 3185 667 3258 probor
689 3185 823 3259 Adspice
838 3188 941 3248 vultos

3 3280 5 3283 ’
108 3280 195 3341 Ecce
209 3296 305 3339 meosr
327 3278 503 3359 utinamque
516 3280 660 3339 oeulosin
674 3292 797 3355 pectora
809 3298 915 3355 posses

45 3398 54 3417 ·
112 3375 262 3441 Inserere,
274 3385 305 3431 et
317 3373 428 3448 patrias
442 3373 523 3433 intus
536 3372 724 3449 deprendere
735 3372 834 3431 curas!

4 3512 9 3525 .
112 3466 254 3540 Denique
269 3464 413 3541 quicquid
427 3466 659 3532 habetdives,
633 3466 833 3541 circumspice
847 3467 985 3529 mundus:

112 3557 200 3633 Eque
216 3569 259 3619 tot
272 3576 306 3616 ac
321 3559 410 3619 tantis
423 3561 501 3632 celi,
511 3561 849 3636 terraquepmarisque,
903 3581 906 3590 ⁴
