2400 4100
135 206 181 273 33
449 199 744 263 mutationis.

133 345 318 419 Perpetuam
333 360 385 403 ver
397 354 454 403 est.
466 346 537 417 Quo
547 347 621 405 dum
634 345 814 421 Proserpina
825 351 894 409 luco

132 436 233 503 Ludit,
246 447 277 494 et
290 447 343 495 aut
355 436 459 508 violas,
473 450 525 495 aut
533 439 660 497 candida
673 439 736 497 lilia
748 440 852 515 carpiu

133 529 277 605 Dumque
290 532 418 604 puellari
429 533 525 593 studio
538 533 733 607 calathosque
746 532 905 610 sinumque

132 623 252 695 Implet,
267 635 297 681 et
308 627 440 701 aequales
453 636 547 683 certat
561 643 704 699 superare
716 627 856 702 legend03

132 714 213 771 Pane
228 717 318 773 simul
333 715 396 773 visa
408 728 465 783 est,
479 717 659 793 dilectaque,
670 731 816 793 raptaque
830 717 906 782 Diti:
953 771 957 779 .

132 807 240 882 Usque
254 811 328 866 adeo
342 821 518 885 properatur
532 828 629 867 amor.
652 811 717 878 Dea
728 810 833 887 territa
844 819 955 870 moesto

132 900 172 957 Et
186 914 323 969 matrem,
336 912 368 959 ct
380 901 516 973 comites,
529 906 582 961 scd
595 914 726 961 matrem
742 904 861 979 saepius,
873 920 925 960 ore

131 992 313 1061 Clamabat,
327 1003 361 1051 ut
375 1014 493 1053 summa
507 1006 624 1054 vestem
638 995 764 1053 laniarat
774 998 811 1053 ab
825 1015 887 1066 ora,

131 1084 257 1143 Collecti
270 1084 363 1143 flores
377 1086 486 1145 tunicis
497 1087 637 1145 cecidere
651 1087 799 1146 remissis

95 1226 99 1237 .
124 1176 288 1255 ,Tantaque
303 1177 479 1255 simplicitas
493 1180 659 1255 puerilibus
672 1180 765 1239 adfuit
777 1180 876 1240 annisi
920 1220 925 1225 -
944 1244 967 1257 ..

130 1268 209 1328 Haec
224 1290 343 1349 quoque
357 1271 527 1349 virgineum
543 1273 637 1333 movit
647 1268 925 1351 jactor-auctorem.

130 1354 244 1437 Raptor
256 1364 319 1440 agit
331 1382 446 1433 currus,
459 1378 489 1423 ct
503 1366 625 1425 nomine
637 1386 791 1442 quemque
806 1379 926 1426 vocatos

114 1454 318 1521 ,Exhortatur
330 1476 435 1533 equos:
454 1476 582 1533 quorum
597 1478 650 1531 per
665 1461 740 1515 colla
750 1459 898 1533 jubasque
998 1479 1003 1486 ·

130 1546 258 1605 Excutit
268 1550 394 1605 obscura
406 1548 515 1605 tinctas
529 1547 684 1620 ferrugine
698 1549 834 1603 habenas.

129 1640 248 1711 Perque
261 1641 342 1697 lacus
354 1642 439 1705 altos,
453 1650 484 1695 et
497 1637 609 1695 olentia
621 1638 736 1696 sulfure
750 1638 847 1695 fertur
937 1649 942 1656 ‘

131 1730 243 1804 Stagna
255 1729 427 1787 Palicorum
439 1740 527 1803 rupta
537 1717 683 1808 ferventia
694 1742 785 1786 terra:
872 1750 880 1763 ·

130 1822 171 1880 Et
184 1841 242 1896 qua
257 1821 444 1889 Bacchiadae,
453 1819 562 1879 bimari
574 1839 653 1897 gena
665 1833 731 1882 orta
743 1807 899 1892 eorinioo,

131 1916 215 1973 Inter
224 1900 390 1988 'inae'qualcs
404 1926 563 1987 posuerant
578 1912 687 1971 moenia
698 1925 814 1987 portus.

130 2007 186 2066 Est
200 2003 337 2066 medium
349 2006 478 2080 Cyanes,
490 2018 520 2064 et
534 2004 641 2064 Pisaeae
657 2007 829 2074 Arethusa,

131 2100 219 2172 Quod
233 2103 295 2157 coit
305 2111 453 2176 angustus
466 2099 619 2158 inclusum
634 2096 779 2182 cornibus
792 2114 906 2171 aequor.

131 2193 192 2251 Hic
207 2193 272 2262 luit,
285 2212 302 2250 a
315 2193 403 2270 cujus
418 2205 560 2266 stagnum
573 2209 695 2266 quoquc
706 2190 829 2252 nominc
842 2189 958 2250 dictum
971 2200 1027 2248 est.

131 2289 215 2345 Inter
229 2285 373 2344 Sicelidas
386 2272 489 2358 Cyane
503 2281 702 2340 celeberrima
715 2283 885 2358 Nympbas;

129 2377 262 2452 Gurgite
277 2395 345 2450 quae
361 2373 461 2432 medio
476 2391 595 2432 summa
608 2385 697 2432 tenus
710 2374 823 2443 exstitit
832 2375 915 2447 alvo,

132 2467 324 2544 Agnovitque
338 2467 452 2524 Deum:
468 2466 497 2522 N
500 2485 535 2524 cc
550 2465 671 2541 longius
677 2464 774 2534 ibitis,
784 2464 893 2542 inquit.

131 2563 202 2620 Non
210 2570 301 2633 ‘potes
314 2558 416 2616 invitae
431 2557 554 2617 Cereris
569 2577 663 2634 gouer
676 2575 745 2616 esse
757 2561 898 2634 rogantia.

131 2653 200 2710 Non
215 2651 355 2726 rapienda
367 2648 430 2710 fulc
450 2652 540 2724 Quod
555 2650 585 2707 si
593 2669 775 2726 componere
789 2650 907 2727 unguis

131 2748 225 2805 Parta
238 2743 314 2804 mini
327 2742 369 2800 ias
383 2754 439 2812 est,
452 2755 483 2802 et
496 2763 545 2801 me
560 2742 666 2800 dilexit
681 2742 806 2817 Anapis.

131 2839 263 2896 Exorata
275 2847 385 2902 tamem
400 2853 468 2904 nec,
483 2838 608 2906 uthaec,
622 2835 766 2894 exterrita
778 2833 878 2908 nupsi.

130 2928 225 2988 Dixit:
241 2942 280 2996 ct,
293 2927 323 2984 in
338 2931 437 3001 partes
452 2927 583 2989 diversas
599 2914 718 2986 brachia
728 2929 865 2998 tendens,
898 2910 909 2972 ‚'

130 3020 264 3082 Obstitit.
283 3021 373 3078 Haud
386 3022 466 3078 ultra
478 3020 576 3079 tenuit
585 3019 748 3110 §orontius
760 3020 850 3076 iramz
986 3083 989 3089 1

129 3113 356 3188 Terribilesque
371 3114 506 3170 hortatus
521 3131 626 3187 equos,
638 3112 669 3169 in
683 3108 813 3188 gurgitis
824 3110 888 3180 ima
931 3158 936 3164 .
985 3153 998 3172 ,.
1015 3152 1019 3161 .

128 3209 306 3266 Contortum
321 3205 418 3264 valido
430 3217 583 3279 sceptrum
600 3207 706 3281 regale,
715 3209 827 3262 lacerto

129 3297 278 3358 Condidit.
300 3300 363 3358 Icta
377 3296 457 3354 viam
469 3298 559 3355 tellus
571 3296 604 3355 in
619 3299 745 3355 Tartara
757 3295 840 3364 iecit3
884 3331 890 3341 ·

129 3391 169 3450 Et
181 3409 291 3464 pronos
302 3409 409 3449 currus
424 3389 522 3448 medio
535 3402 652 3448 cratere
664 3387 791 3463 recepit.
952 3441 957 3450 .

129 3483 171 3566 At
183 3483 294 3558 Cyane,
308 3497 483 3560 raptamque
498 3483 608 3556 Deam,
622 3495 856 3558 contemptoque
868 3478 958 3540 lonas
