2400 4100
311 634 898 789 nuramonrnosuon‘

496 876 629 936 LIBER
647 877 705 935 VI.

155 1095 282 1164 Procne,
295 1098 465 1167 Philomela,
477 1101 594 1168 Tereia,
607 1114 635 1157 et
649 1102 716 1171 Ityr
726 1104 760 1155 in
771 1101 861 1159 Aves.
881 1116 957 1159 rsa·
971 1115 1047 1161 ΠΗ.

132 1178 306 1279 -Fmrrnu
322 1236 462 1293 proceres
472 1224 592 1281 coeunt:
606 1224 758 1295 urbesque
771 1219 949 1295 propinqua

137 1313 270 1371 Oravere
286 1332 356 1369 suos
369 1313 415 1373 ire
427 1315 465 1371 ad
479 1313 583 1373 solatia
595 1332 696 1391 reges,
743 1343 752 1351 ·

136 1404 310 1483 Argosque,
320 1421 352 1465 et
364 1410 480 1483 Sparte,
494 1408 753 1483 Pelopeiadesque
768 1407 918 1481 Mycenae‚

135 1496 178 1555 Et
189 1498 323 1557 nondum
337 1512 427 1560 torvae
441 1504 572 1575 Calydon
584 1501 682 1557 inrisa
696 1500 812 1562 Dianae,

136 1590 408 1664 Orchomenosque
424 1591 517 1656 ferax,
532 1602 564 1649 et
578 1589 684 1645 nobilis
694 1582 939 1651 aereCorinthos,

135 1678 451 1757 Messenequeferosr,
467 1682 636 1752 Patraeque‚
650 1674 843 1748 humilesque
855 1674 991 1745 Cleonae,
1081 1682 1089 1695 ‘

134 1768 175 1827 Et
189 1770 285 1826 Nelea
300 1770 398 1843 Pylos,
411 1786 510 1842 neque
525 1770 623 1825 adbuc
638 1766 766 1825 Pittheia
780 1767 931 1835 Troezen,
987 1806 992 1821 .

134 1861 274 1935 Quaeqne
289 1862 380 1918 nrbes
392 1859 460 1917 aliae
474 1860 584 1915 bimari
596 1860 827 1917 claudunturab
839 1860 965 1916 lstbmo.

134 1950 340 2025 Exteriusque
354 1948 420 2010 sitae
434 1948 543 2015 bimari
558 1960 732 2024 spectantur
745 1952 782 2007 ab
797 1951 923 2014 Isthmo.

134 2046 270 2104 Credere
284 2038 470 2120 quis'possit!
487 2047 560 2104 solae·
572 2044 699 2104 cessatis
711 2049 860 2103 Athenae.—

82 2155 87 2164 ·
134 2137 261 2199 Obstitit
273 2137 371 2194 officio
385 2138 509 2204 bellum,
524 2140 726 2212 subvectaque
740 2147 831 2211 ponto

135 2229 265 2288 Barbara
279 2228 456 2304 Mopsopios
469 2230 622 2288 terrebant
634 2229 756 2304 agmina
768 2245 880 2288 muros.

137 2321 301 2380 Threicius
316 2324 437 2380 Tereus
452 2325 517 2380 baec
532 2320 729 2380 auxiliaribus
739 2320 833 2379 annis
948 2311 951 2317 ’

136 2413 321 2478 Fuderataet
333 2415 449 2469 clarum
463 2414 611 2467 vincendo
623 2430 734 2470 nomen
748 2414 882 2470 habebat.

135 2503 239 2576 Quem
253 2502 308 2558 sibi
322 2501 452 2560 Pandion
466 2501 636 2576 opibusque
650 2502 783 2578 virisque
798 2513 962 2579 potentem,
1032 2534 1061 2542 -··

136 2595 177 2654 Et
191 2611 289 2670 genus
302 2613 319 2651 a
332 2612 442 2670 magno
456 2597 616 2654 ducentem
635 2595 712 2654 forte
728 2596 870 2665 Gradivo,
1047 2587 1051 2594 ¹

135 2687 292 2747 connubio
308 2689 438 2746 Procnes
449 2687 558 2766 junxit.
580 2690 650 2746 Non
666 2691 902 2763 pneumatum,
949 2709 954 2716 ·

136 2780 207 2840 Non
225 2781 410 2855 Hymenaeus
424 2781 516 2844 adest,
530 2797 589 2838 non
603 2778 649 2850 illi
663 2781 769 2841 Gratia
778 2784 867 2839 lecto.

137 2871 326 2934 Eumenides
338 2875 466 2927 tenuere
479 2870 562 2926 faces
575 2871 614 2927 de
629 2870 735 2929 funere
747 2874 864 2945 raptast
919 2900 922 2904 ⁴

136 2963 324 3024 Eumenides
338 2965 471 3022 stravere
483 2974 595 3024 torem:
612 2975 755 3038 tectoque
768 2963 911 3040 profanus

135 3058 276 3117 Incubuit
289 3054 378 3124 bubo,
392 3056 573 3129 thalamique
588 3054 618 3112 in
631 3056 765 3114 culmine
779 3055 867 3115 sedit.

138 3150 205 3234 Hac
220 3167 274 3206 ave
288 3161 357 3205 sunt
366 3147 463 3224 juncti
477 3148 591 3204 Procne
607 3142 800 3222 Tereusqum
814 3155 954 3220 parentes

138 3243 207 3301 Hac
221 3261 276 3300 ave
288 3253 357 3298 sunt
368 3241 448 3298 tacti.
465 3242 588 3299 Gratata
599 3252 648 3299 est
661 3239 778 3297 scilicet
790 3237 852 3296 inis

109 3406 111 3412 Α
139 3333 282 3392 Thracias
299 3334 416 3409 Disque
430 3332 604 3408 ipsi-grates
619 3334 722 3406 egeres
735 3330 889 3405 diemque,

138 3425 265 3500 Quaque
279 3429 346 3484 data
357 3440 402 3485 est
413 3429 494 3484 claro
509 3422 656 3481 Pandione
671 3433 882 3500 natatyranno,

138 3515 267 3593 Quaque
282 3530 347 3577 erat
356 3507 527 3593 ortusitys,
542 3516 652 3577 festam
664 3516 783 3592 iussere
796 3510 906 3574 vocari.
