2400 4100
139 255 188 322 24
450 243 747 307 METAMORPH.

139 394 259 452 Cornua
269 394 459 452 decrescunt:
481 390 515 450 fit
528 390 776 471 luminis-arctior
787 389 879 448 orbis:

138 484 331 544 Contrahitur
344 483 448 544 rictus
469 485 598 544 redeunt
611 483 794 560 hmnerique
808 499 988 559 manusque:

115 623 117 626 -
137 581 322 656 Ungulaque
333 578 364 637 in
378 578 485 653 quinos
498 576 612 653 dilapsa
624 576 792 638 absumitur
804 593 932 654 ungues.

136 671 187 730 De
201 673 276 730 boue
288 670 331 730 nil
345 682 496 747 superest,
509 671 616 728 formae
629 669 689 728 nisi
698 669 820 739 candor,
833 668 863 727 in
876 667 936 727 ilia:

138 764 311 840 Officioque.
321 765 434 840 pedum
445 766 578 840 nymphe
589 773 728 823 contenta
738 763 870 822 duorum

138 855 288 934 Erigitur:
309 857 480 934 metuitque
495 856 587 933 loqui,
600 875 639 915 ne
654 875 741 916 more
750 855 893 934 juvenca

90 953 92 958 ’
139 949 272 1028 Mugiat:
293 961 325 1012 et
338 949 445 1014 timide
460 953 551 1009 verba
564 949 739 1010 intermissa
750 960 889 1008 retentat.

139 1041 230 1102 Nunc
245 1042 311 1103 Dea
323 1042 453 1120 linigera
465 1042 575 1102 colitur
585 1041 781 1103 celeberrima
792 1043 888 1102 turba.

245 1295 382 1366 Jurgium
397 1296 514 1366 Epaphi
528 1315 593 1352 cum
607 1297 797 1352 Phaethonte.
818 1313 891 1354 raa.
905 1314 960 1354 xv.
1049 1359 1061 1369 ..

178 1418 268 1476 Hurc
283 1415 429 1492 Epaphus
444 1418 548 1495 magni
559 1418 679 1494 genitus
692 1421 730 1477 de
744 1417 860 1476 semine
873 1418 995 1476 tandem
1033 1389 1039 1401 „
1113 1431 1128 1440 ·

141 1511 283 1569 Creditur
295 1529 362 1568 esse
374 1511 392 1567 J
393 1510 469 1568 ovis:
491 1528 609 1584 perque
622 1513 711 1568 urbes
719 1510 825 1587 juncta
837 1506 956 1583 parenti

142 1604 274 1675 Templa
286 1612 378 1659 tenet.
400 1600 470 1658 Fuit
483 1599 554 1656 huic
568 1598 677 1656 animis
692 1598 817 1672 aequalis
828 1610 859 1655 et
869 1597 955 1656 annis

142 1695 212 1752 Sole
227 1706 307 1750 satus
322 1693 484 1749 Pha‘e'thon:
501 1709 593 1764 quern
605 1691 755 1764 quondam
768 1707 878 1766 magna
887 1691 1074 1765 loquentem,
1086 1723 1093 1730 ·
1191 1688 1192 1697 ’

142 1791 209 1848 Nec
225 1786 282 1845 sibi
296 1788 466 1855 cedentem,
481 1786 654 1860 Phoeboque
667 1794 790 1859 parente
801 1785 977 1859 superbum,

143 1883 214 1939 Non
226 1880 296 1939 tulit
312 1878 480 1938 Inachides:
504 1879 669 1954 Matrique,
678 1877 728 1947 ait,
742 1877 843 1936 omnia
855 1880 982 1938 demens

93 1991 101 2010 '
143 1974 262 2042 Credis;
284 1985 314 2032 et
328 1992 361 2031 es
374 1971 509 2032 tumidus
519 1970 666 2051 genitoris
679 1971 813 2049 imagine
826 1971 903 2030 falsi.
953 1982 958 1991 ’

127 2126 128 2133 ,
143 2067 274 2126 Erubuit
288 2069 450 2136 Phaethon,
463 2066 602 2141 iramque
618 2066 733 2141 pudore
749 2064 904 2139 repressita

144 2165 185 2223 Et
199 2162 268 2221 tulit
282 2164 317 2219 ad
331 2162 513 2237 Clymenem
527 2158 648 2235 Epaphi
660 2143 949 2220 conviciamatrem.

144 2259 274 2331 Quoque
287 2254 386 2333 magis
400 2256 510 2326 doleas,
525 2253 667 2330 genitrix,
682 2253 733 2311 ait:
755 2254 812 2311 Ille
826 2272 884 2329 ego
898 2251 984 2323 liber,

144 2351 202 2407 Ille
217 2350 303 2406 ferox
317 2347 407 2404 tacui.
429 2349 527 2404 Pudet
541 2348 608 2403 haec
621 2344 782 2419 opprobria
795 2344 879 2401 nobis

145 2444 186 2499 Et
198 2440 257 2507 dici
268 2437 411 2515 potuisse,
423 2446 452 2495 et
466 2454 525 2494 non
538 2435 673 2511 potuisse
683 2433 791 2495 refelli.

145 2536 189 2592 At
202 2544 245 2602 tu,
258 2531 285 2589 si
298 2530 388 2588 modo
404 2548 472 2589 sum
487 2527 607 2587 coelesti
621 2529 714 2605 stirpe
728 2538 859 2596 creatus,

145 2629 211 2687 Ede
224 2636 325 2685 notam
338 2622 410 2683 tanti
423 2622 553 2697 generis:
575 2639 687 2698 meque
698 2640 799 2681 assere
813 2623 899 2681 coelo.

54 2792 58 2797 δ
145 2719 245 2789 Dixin
267 2730 298 2779 et
307 2717 460 2793 implicuit
472 2729 607 2776 materno
618 2715 742 2775 brachia
752 2719 840 2775 collo:

145 2816 265 2887 Perque
278 2828 377 2878 suum,
393 2808 591 2884 Meropisque
606 2820 707 2883 caput,
719 2810 873 2883 taedasque
888 2825 1036 2880 sororum,

147 2904 304 2971 Traderet,
319 2900 423 2971 oravit,
434 2898 498 2961 veri
512 2899 568 2958 sibi
582 2899 668 2977 signa
680 2900 822 2976 parentis,

145 2996 347 3074 Ambiguum,
358 2999 503 3073 Clymene
517 2994 659 3071 precibus
673 2994 876 3064 Pha'e‘tbontis,
891 2993 984 3055 anim

148 3090 233 3149 Mota
247 3088 344 3166 magis
357 3088 431 3148 dicti
443 3088 500 3147 sibi
511 3087 659 3147 criminis:
681 3100 809 3168 utraque
824 3091 901 3163 ccelo

146 3185 275 3245 Brachia
287 3180 434 3260 porrexit:
455 3194 654 3257 spectansque
665 3184 702 3241 ad
715 3149 831 3275 luqri'a
844 3180 925 3250 solis,

147 3280 208 3336 Per
219 3277 308 3356 jubar
321 3278 387 3345 hoc,
401 3274 508 3350 inquit,
521 3275 610 3333 radiis
620 3273 741 3351 insigne
755 3273 900 3343 coruscis,
995 3346 999 3351 .

147 3370 238 3447 Nate,
249 3368 303 3427 tibi
313 3368 395 3447 juro,
407 3369 486 3443 quod
498 3385 552 3425 nos
567 3367 707 3443 auditque
721 3367 876 3443 videtque;

148 3461 216 3519 Hoc
230 3470 272 3527 te,
284 3479 378 3535 quem
392 3472 520 3535 spectas,
533 3462 591 3518 hoc
606 3472 646 3531 te,
660 3459 712 3535 qui
724 3472 873 3536 temperat
886 3462 999 3530 orbem,

149 3554 219 3611 Sole
232 3562 338 3613 satum.
360 3553 394 3611 Si
406 3552 476 3615 ficta
488 3555 605 3629 loquor',
617 3563 710 3633 neget
721 3551 788 3631 ipse
802 3552 966 3613 ridendum
