2400 4100
449 154 544 264 ἰιι
559 189 615 248 ιιι
635 187 725 269 ιιι.
738 185 776 244 x.
1009 189 1077 280 ιιι

150 337 232 407 Quot
244 334 359 412 veniant
372 333 489 400 fluctus,
504 351 588 410 ruere
602 344 689 409 atque
702 297 868 404 irrumpere
883 341 1003 389 mortes

116 422 123 426 ’
151 429 220 486 Non
234 439 311 486 tenet
325 429 372 484 hic
387 431 540 500 lacrymas.
555 438 652 499 stupet
666 425 724 485 hic·
742 434 824 483 vocat
834 421 882 480 ille
894 424 1002 489 beatos,

151 499 267 578 Funera
280 539 355 593 quos
369 532 514 600 maneant:
529 515 577 574 hic
595 518 667 583 totis
680 533 790 593 numen
803 517 912 572 adorat:

151 609 337 688 Brachiaque
351 613 385 668 ad
400 614 517 678 coelum,
530 610 609 690 quod
623 627 681 666 non
696 609 785 674 videt,
798 608 878 676 irrita
890 608 993 663 tollens
1060 646 1070 662 ι

152 701 251 760 Poscit
265 721 363 776 opem:
381 707 505 782 subeunt
517 703 556 761 illi
571 701 737 785 fratresque
751 718 924 781 parensquea

151 793 232 852 Huic
252 813 322 852 cum
343 787 511 874 pignoribus
530 796 646 866 domus,
663 807 696 869 et
716 795 795 868 quod
814 793 923 868 cuique
943 789 1080 852 relictum

269 899 323 944 est.
976 884 980 890 ’
1027 879 1030 882 ’

153 977 305 1050 Halcyone
320 979 419 1058 Ceyca
432 991 542 1058 morea
557 976 684 1052 Ceycis
677 997 705 1035 m
719 997 770 1036 ore

151 1068 253 1126 Nulla
251 1070 310 1126 nisi
324 1046 478 1156 Halcyone
490 1084 546 1128 est
562 1084 591 1128 et
605 1089 674 1127 cum
688 1045 836 1128 desideret
851 1088 953 1139 unam,

150 1157 269 1218 Gaudet
280 1163 381 1240 abesse
395 1175 502 1221 tamen.
525 1161 630 1221 l'atriae
644 1180 761 1241 quoque
774 1148 861 1222 vellet
874 1165 910 1220 ad
923 1179 1007 1220 oras

152 1251 341 1326 Respicere,
336 1271 422 1328 inque
437 1251 559 1312 domum
574 1273 728 1329 supremos
744 1267 855 1313 vertere
870 1258 978 1316 vultus·

152 1343 269 1400 Verum
281 1345 328 1403 ubi
343 1346 380 1402 sit
393 1346 494 1424 nescit.
515 1345 613 1448 'l'anta
627 1345 770 1420 vertigine
783 1355 892 1418 pontus

151 1435 267 1492 Fervet·
283 1447 311 1492 et
326 1435 483 1513 inducta
451 1436 546 1510 piceis
558 1458 574 1493 e
588 1439 712 1494 nubibus
726 1441 831 1494 umbra

152 1529 252 1584 Omne
266 1530 335 1586 latet
348 1532 472 1597 coelum;
486 1530 692 1607 duplicataque
706 1530 800 1586 noctis
813 1528 916 1623 imago
928 1542 981 1588 est.

152 1619 328 1695 Frangitur
321 1637 439 1677 incursu
453 1620 577 1678 nimbosi
591 1621 715 1680 turbinis
727 1626 822 1679 arbos:

152 1712 309 1786 Frangitur
321 1724 351 1769 et
362 1712 508 1788 regimen:
500 1713 683 1788 spoliisque
697 1712 829 1770 animosa
840 1726 1011 1790 superstans

153 1806 250 1872 Unda,
264 1808 341 1863 velut
355 1807 471 1887 victrix,
481 1805 610 1864 sinuatus
622 1804 747 1878 despicit
758 1808 860 1864 undas.

152 1897 219 1954 Nec
233 1897 344 1954 laevius
359 1915 448 1971 quarn
463 1898 487 1958 si
502 1897 568 1972 quis
582 1898 695 1964 Athon,
707 1878 879 1966 Pinduinre,
893 1895 1025 1957 revulsos

154 1989 230 2046 Sede
246 2007 298 2046 sua
311 2001 386 2046 totos
400 1988 431 2045 in
445 2002 591 2071 apertum
592 1990 727 2050 everterit
741 2006 851 2066 aequor,

155 2080 341 2154 Praecipitata
354 2082 420 2138 ruit.
435 2083 599 2157 pariterque
614 2094 644 2139 et
657 2083 786 2155 pondere
800 2094 829 2139 et
841 2082 904 2141 ictu

154 2174 225 2230 Mer
226 2186 268 2247 glt
283 2173 311 2229 in
326 2174 385 2229 ima
399 2188 500 2259 ratem.
521 2174 600 2231 Cum
615 2192 673 2276 qua
687 2191 756 2247 pars
770 2192 878 2248 magna
892 2175 1033 2236 virorum
1092 2162 1103 2188 i

153 2262 281 2338 Gurgite
295 2282 395 2341 pressa
409 2252 500 2339 gravi,
514 2283 610 2339 neque
623 2264 652 2321 in
667 2269 735 2321 aera
748 2266 867 2333 reddita,
880 2265 940 2324 fato

154 2354 267 2413 Funera
280 2374 333 2413 suo
347 2370 399 2417 est.
421 2357 482 2414 Alii
495 2369 593 2431 partes
606 2368 636 2413 et
649 2358 784 2414 membra
795 2357 901 2415 carinae

154 2448 276 2511 Trunca
287 2457 396 2505 tenent.
415 2450 511 2506 Tenet
524 2447 587 2525 ipse
601 2466 702 2516 mauu,
714 2467 773 2523 qua
786 2461 902 2523 sceptra
913 2450 1033 2521 solebat,
1082 2441 1088 2452 ’

154 2540 313 2613 Fragmina
326 2537 435 2615 navigii
448 2544 543 2615 Ceyxr
559 2556 755 2614 socerumque
768 2551 944 2615 patremque

153 2632 273 2689 Invocat
287 2630 388 2711 (heul)
400 2631 519 2689 frustra.
532 2631 590 2689 Sed
604 2618 731 2706 plurima
743 2632 838 2687 nantis
852 2632 881 2686 in
894 2652 947 2691 ore

154 2724 313 2799 Halcyone
318 2723 437 2800 conjux.
461 2726 546 2805 lllam
560 2722 755 2819 meminitque
769 2723 926 2800 refertque·

155 2816 239 2873 lllius
253 2829 318 2873 ante
333 2819 439 2873 oculos
450 2827 481 2875 ut
495 2828 582 2891 agant
597 2834 650 2873 sua
664 2833 786 2893 corpora
798 2814 915 2884 fluctus,

156 2904 259 2978 Optata
274 2918 303 2963 et
315 2907 459 2965 exanimis
472 2910 606 2967 manibus
621 2910 784 2965 tumuletur
798 2906 914 2965 amicis.

156 2997 241 3054 Dum
255 3010 344 3065 natan
357 3001 517 3067 absentem,
531 3000 646 3075 quoties
660 3002 726 3058 sinit
741 2999 854 3059 hiscere
869 3000 987 3072 fluctus,

155 3087 298 3149 Nominat
313 3090 484 3169 Halcyonen
499 3092 630 3169 ipsisque
642 3094 853 3151 immurmurat
865 3091 961 3151 undis.
1046 3120 1051 3130 ·

117 3232 119 3237 .
156 3182 238 3239 Ecce
251 3200 340 3257 super
353 3183 466 3241 medios
479 3184 586 3241 fluctus
598 3184 684 3262 niger
697 3202 784 3243 arcus
798 3201 942 3259 aquarum

155 3276 322 3351 Frangitur:
337 3289 367 3352 et
380 3292 467 3353 rupta
480 3294 613 3355 mersum
628 3290 716 3351 caput
726 3265 820 3334 obruit
833 3279 919 3359 unda

157 3368 281 3426 Lucifer
291 3370 443 3445 obscurus,
456 3386 511 3427 nec
522 3388 620 3445 'quem
632 3386 809 3446 cognoscere
822 3384 936 3442 posses,
985 3396 989 3406 ·

824 3457 884 3513 Ka
969 3466 973 3469 ’
