2400 4100
432 246 586 312 urum.
601 250 694 311 suu.
710 246 765 309 rx.
1000 250 1070 325 101
1174 227 1175 230 ‘

135 390 195 461 iiis
206 400 323 459 adhibet
334 396 442 478 conjux
454 398 592 476 ignarum
607 397 705 455 Teren
721 393 843 455 mensim

135 494 174 553 Et
187 492 273 566 patrii
286 492 378 551 moris
391 510 508 550 sacrum
524 492 657 557 mentite,
667 491 744 564 quod
759 486 811 546 uni

132 584 191 644 Fas
203 586 242 643 sit
253 586 331 643 edire
345 586 416 651 viru,
429 586 553 643 comites
564 583 752 657 famulosque
765 580 901 640 removit.

90 718 93 744 .
135 678 207 737 Inde
222 679 327 737 sedens
341 679 412 737 soiio
426 678 541 737 Tereus
556 676 694 737 sublimis
706 676 784 735 evito
862 680 867 690 '

135 770 287 831 Vesciturt
302 770 392 846 inque
406 790 490 830 suern
502 790 555 830 sus
569 770 683 828 viscere
696 768 830 844 congerit
844 768 955 826 airum.

136 862 291 939 Tantaque
305 882 363 922 nox
377 864 468 923 animi
482 876 537 931 est,
552 866 618 937 ityn
632 865 690 920 huc
702 863 852 931 arcessite,
864 862 947 921 dixit.

134 952 333 1015 Dissimulare
347 955 450 1035 nequit
459 956 589 1015 crudeiia
603 954 710 1031 gaudio
723 956 848 1016 Procnes

135 1050 264 1125 Jamque
277 1068 339 1109 suae
355 1054 477 1125 cupiens
490 1048 634 1107 exsistere
648 1048 755 1108 nuncia
767 1048 869 1116 ciedis;

18 1220 19 1225 ἵ
135 1142 219 1201 Intus
234 1144 333 1213 habes,
346 1146 423 1220 quod
439 1143 545 1223 poscis,
558 1141 608 1200 sit.
628 1140 842 1216 Circumspicit
854 1141 913 1208 ille,

136 1235 236 1310 Atque
248 1237 297 1295 ubi
311 1235 359 1297 sit.
373 1238 489 1311 quaerit.
510 1235 671 1308 Quaerenti.
685 1237 855 1310 iterumque
868 1230 998 1309 vocanti,

135 1326 218 1387 Siout
230 1339 294 1387 eret
306 1327 415 1403 spernis
428 1326 524 1386 iurisii
536 1330 616 1385 cede
628 1326 751 1401 capillis,

135 1420 276 1479 Prosiliitt
292 1421 431 1496 Ityosque
444 1432 532 1495 ceput
544 1420 709 1477 Philomela
716 1430 879 1478 'cruentum

135 1512 222 1572 Misit
231 1514 261 1571 in
274 1532 326 1571 ore
340 1514 439 1587 petris:
454 1530 510 1570 nec
523 1524 659 1587 tempore
670 1510 774 1570 meluit
783 1514 845 1570 uiio

134 1606 224 1665 Posse
237 1606 328 1681 loqui,
339 1618 368 1663 et
382 1604 495 1663 meritis
505 1606 605 1663 testari
619 1604 724 1680 gaudis
735 1603 832 1663 dietis.

18 1724 20 1781 ὲ
135 1696 282 1781 Thraeius
293 1698 405 1775 ingenti
418 1716 536 1757 mensas
550 1701 682 1757 clamore
696 1697 821 1774 repeiiit‚

134 1790 339 1867 Vipereesque
352 1792 410 1850 ciet
425 1791 527 1867 Stygis
540 1792 578 1849 de
591 1794 667 1849 velle
680 1810 808 1850 sororem

18 1872 20 1937 i
135 1884 174 1943 Et
188 1884 287 1953 modo,
300 1884 326 1942 si
341 1884 440 1960 possit,
453 1894 583 1943 reserato
596 1894 717 1959 pectore
726 1884 807 1942 diras

18 2012 20 2035 t
135 1976 268 2062 Egerere
282 1979 348 2035 inde
359 1979 458 2054 dapes,
470 1995 648 2054 semesaque
659 1974 770 2035 viscere
783 1974 883 2054 gestie

135 2071 202 2130 Fiet
217 2073 315 2137 modo,
327 2087 417 2146 seque
430 2083 512 2130 vocnt
525 2074 645 2131 bustum
660 2070 829 2130 miserabile
845 2069 922 2130 natis

135 2165 223 2224 Nunc
237 2165 370 2239 sequitur
382 2165 463 2221 nudo
473 2162 590 2238 genitas
605 2165 750 2220 Pandione
760 2161 846 2220 ierro.

19 2247 20 2302 Ῑ
135 2257 268 2332 Corpora
280 2255 479 2330 Cecropidum
495 2255 598 2330 pennis
614 2256 742 2329 pendere
757 2267 887 2329 puterese

134 2345 301 2408 Pendebsnt
313 2347 426 2424 pennis
447 2347 582 2420 Quarum
596 2348 670 2422 petit
683 2349 774 2406 nitere
786 2348 884 2416 siivas,

135 2443 238 2502 Altera
249 2453 326 2501 tectu
339 2440 425 2500 subit.
448 2441 554 2516 Neque
568 2441 664 2499 adhuc
677 2442 715 2498 de
728 2454 848 2516 pectore
859 2440 950 2501 caedis

135 2535 302 2594 Excessere
315 2547 408 2602 notae;
420 2535 593 2610 signataque
608 2535 752 2610 sunguine
766 2538 868 2609 plume
881 2547 936 2597 est.

136 2628 189 2687 ilie
203 2630 302 2686 dolore
315 2647 380 2696 suo,
395 2643 551 2704 poenaeque
563 2626 701 2702 cupidine
716 2631 811 2696 velox,

135 2720 273 2780 Vertitur
281 2718 310 2778 in
325 2723 488 2787 volucremt
502 2721 549 2778 eui
563 2733 640 2778 stant
649 2721 681 2777 in
693 2723 802 2780 vertice
818 2721 930 2780 cristaet
1040 2773 1047 2782 ,

135 2813 288 2872 Prominet
301 2813 494 2876 immodicum
506 2831 558 2888 pro
572 2816 662 2890 longo
674 2815 796 2888 cuspide
809 2827 948 2884 rostrum,

136 2906 255 2966 Nomen
267 2903 372 2982 'Epops
386 2907 508 2966 volucrit
524 2906 615 2966 facies
627 2919 740 2967 armate
753 2907 877 2968 ridetur.

88 2985 92 2994 ’
136 2999 195 3058 Hic
209 3000 293 3056 dolor
305 3013 372 3058 ante
385 2999 467 3060 diem
479 3003 638 3074 iungaeque
648 3012 784 3059 extremo
797 3014 925 3061 senectae

137 3087 298 3167 Tempora,
310 3094 467 3152 Tartareas
481 3092 629 3151 Pandiona
637 3092 720 3152 misit
732 3094 769 3153 ad
781 3075 911 3151 umbras.

326 3343 429 3402 Zetires
443 3358 471 3400 et
488 3345 582 3402 Calais
592 3346 623 3400 in
636 3345 722 3401 Aves.
744 3362 817 3404 ω.
831 3362 878 3402 tx.

175 3466 328 3524 Scies-run
351 3469 414 3537 ioci,
428 3487 591 3544 rerumque
607 3470 684 3544 capit
698 3471 890 3529 moderamen
905 3470 1077 3533 Erechthei

137 3557 257 3622 iustitie
267 3559 403 3635 dubium,
418 3563 558 3624 validisne
573 3562 718 3638 potentior
729 3563 829 3624 armis.
1003 3565 1064 3644 [use

809 3657 824 3716 1
839 3661 856 3712 2
