2400 4100
473 221 553 283 Llli.
567 223 591 283 1.
603 221 697 282 FAB.
709 221 751 281 11.

122 347 284 438 siluarum
298 385 367 445 quae
380 346 615 452 medianestinon
630 379 677 426 est
688 363 854 426 habitabilis
868 374 957 422 astu:

148 457 214 516 Nix
226 460 303 538 tegit
312 464 371 520 alta
384 463 469 519 duasa
485 461 611 520 totidem
624 460 704 518 inter
717 471 879 534 utramque
893 452 1010 522 locatit3

150 549 408 630 Temperiemque
423 553 513 624 dedit,
525 554 617 612 mista
631 571 704 611 cum
717 550 831 627 frigore
843 549 974 608 flamma

127 629 136 688 i
146 641 294 704 Imminet
307 647 356 704 his
367 645 627 734 atir‚·qui,t1uanto
639 654 688 704 est
699 644 834 719 pondere
847 653 938 699 terrae

146 733 269 795 Pondus
281 721 367 816 aquea
381 739 486 809 levius,
499 734 581 797 tanto
595 749 644 797 est
655 736 816 799 onerosior
825 733 911 832 ignit
950 816 953 821 y

147 826 216 886 Illic
230 842 260 888 et
272 833 407 901 nebulas,
420 832 484 890 illic
498 831 662 890 consistere
675 833 771 888 nubes
878 829 886 845 ’

147 919 254 991 lussit,
266 934 295 982 et
308 925 453 983 humanas
466 935 585 984 motura
599 923 729 982 tonitrua
741 931 875 988 mentes,

147 1011 189 1070 Et
203 1031 276 1072 cum
288 1015 465 1074 fulminibus
479 1015 622 1074 iacientes
634 1013 747 1092 frigora
759 1024 875 1070 ventos.

112 1095 208 1190 ffli‘
221 1127 341 1184 quoque
353 1117 420 1168 non¹
426 1107 540 1186 passim
554 1108 659 1168 mundi
672 1107 830 1166 fabricator
839 1100 1009 1162 habendum

149 1197 233 1256 Aera
245 1201 395 1274 permisit;
412 1201 462 1260 vix
474 1212 553 1271 nuo
568 1202 722 1261 obsistitur
734 1200 806 1269 illia,
856 1227 876 1276 s,

148 1289 229 1350 Cum
242 1310 295 1351 sua
308 1295 437 1370 quisque
450 1308 557 1372 regant
570 1296 690 1353 diverso
700 1294 821 1352 flamina
831 1301 942 1358 tractu,

149 1381 231 1452 Quin
245 1383 359 1442 lanient
370 1389 532 1454 mundam
551 1389 643 1441 Tanta
657 1399 699 1442 eat
712 1385 1013 1453 discordiosa-otram

120 1493 127 1510 ⁵
148 1473 251 1554 Euius
264 1475 302 1534 acl
316 1451 715 1552 Auroram-Nabaihaeaque
728 1492 824 1552 regna
837 1470 971 1542 recessit,

148 1567 342 1646 Persidaque,
355 1579 387 1627 et
400 1569 490 1629 radiis
503 1569 579 1648 juga
593 1568 713 1628 subdita
725 1564 890 1628 matutinis.
908 1571 914 1581 ’

147 1658 280 1736 Vesper,
293 1673 324 1720 ct
332 1663 457 1722 occiduo
471 1667 539 1740 quae
554 1661 655 1722 littora
667 1663 732 1721 solo
742 1668 910 1738 tepescunt,

146 1751 291 1814 Proxima
302 1767 372 1816 aunt
385 1757 538 1833 Zephyros
552 1757 710 1832 Scythiam
723 1768 902 1832 septemque
916 1751 1047 1812 trionem

146 1845 289 1905 Horriler
300 1846 406 1907 invasit
420 1847 545 1908 Bnreas:
560 1848 710 1908 contraria
719 1850 811 1906 tellus
965 1904 969 1912 ,

145 1935 285 1998 Nubibus
296 1939 608 2037 assiduiskpluvioque
623 1938 768 2000 madescit
784 1939 821 1996 ab
834 1939 958 1998 Austro.

146 2027 226 2089 Haec
241 2031 490 2108 superimposuit
504 2031 653 2110 liquidum
666 2041 699 2091 et
710 2030 854 2108 gravitate
867 2038 1022 2088 carentem

147 2122 277 2194 AEthera,
288 2142 346 2182 nec
360 2124 522 2199 quicquam
536 2136 667 2183 terrenae
677 2121 759 2181 fecis
771 2124 943 2181 habentem.

147 2210 420 2275 vacationibus
434 2216 617 2289 dissepserat
632 2216 733 2272 omnia
745 2215 849 2280 certis3
864 2220 868 2227 '

147 2305 237 2375 Cum,
249 2324 318 2383 quae
330 2308 434 2382 pressa
447 2306 498 2365 diu
512 2324 611 2397 massa
623 2308 739 2365 latuere
754 2305 809 2362 sub
819 2302 880 2370 illa,

145 2396 253 2457 Sidera
262 2411 421 2475 coeperunt
433 2404 496 2459 toto
507 2384 709 2458 'effervescere
722 2400 810 2457 coelo.

145 2488 218 2549 Neu
231 2490 318 2567 regio
329 2491 405 2551 foret
418 2492 481 2550 ulla
492 2491 555 2550 suis
568 2490 771 2549 animantibus
782 2491 865 2558 orba,

147 2582 240 2641 Astra
252 2592 356 2642 tenent
369 2585 615 2653 coeleatesolum,
628 2584 792 2657 formaeque
806 2583 955 2641 Deorum:

144 2673 313 2735 Cesserunt
324 2674 427 2734 nitidis
437 2662 607 2733 habitandae
619 2672 753 2749 piscibus
767 2672 868 2730 undas

145 2766 244 2825 Terra
255 2766 333 2826 feras
344 2767 434 2844 cepit,
447 2769 586 2826 volucres
597 2763 748 2842 agitabilis
757 2769 817 2825 air.

36 2876 41 2885 ·
146 2854 285 2943 Sanctius
297 2860 346 2919 his
359 2858 479 2929 animal,
491 2859 663 2936 mentisque
676 2857 817 2933 capacius
830 2858 912 2927 altae,

145 2951 262 3033 Deerat
274 2952 383 3021 adhuc,
396 2963 428 3010 et
439 2954 519 3026 quod
533 2949 683 3009 dominari
695 2950 726 3009 in
741 2960 851 3007 caetera
864 2960 974 3023 posset.
986 3022 989 3027 ἡ

143 3046 245 3125 Natus
259 3046 348 3103 homo
363 3032 419 3102 esta
434 3044 496 3103 sive
507 3046 586 3103 hunc
596 3043 698 3101 divino
711 3040 827 3102 semine
840 3038 914 3099 iecit

146 3138 203 3196 Ille
217 3136 319 3213 opifex
332 3155 444 3207 rernm,
459 3136 566 3195 mundi
578 3135 714 3195 melioris
728 3134 824 3219 opigm

147 3228 218 3289 Sive
231 3246 338 3288 neceas
352 3227 452 3298 tellus,
463 3229 648 3305 seductaque
661 3246 759 3303 nuper
772 3227 809 3284 ab
819 3226 880 3282 alto

147 3324 277 3390 AEthere,
291 3324 407 3397 cognati
417 3321 565 3381 retinebat
578 3321 697 3397 semina
707 3318 789 3387 coeli3
805 3360 818 3379 .

146 3414 246 3485 Quam
261 3424 342 3473 satus
351 3414 466 3489 Iapeto,
479 3410 603 3501 mistam
615 3410 782 3473 fluvialibus
791 3403 889 3479 undis,
