2400 4100
136 265 182 332 14
451 237 747 325 murinorum
835 341 856 356 κ

131 409 229 484 Inque
240 406 326 466 brevi
339 406 445 482 spatio,
456 407 645 483 superorum
660 425 799 480 munere,
811 426 883 480 saxa

132 499 232 560 Missa
243 498 301 557 viri
312 498 451 560 manibus
463 499 572 559 faciem
585 511 706 576 traxere
720 500 853 572 virilem3

132 594 174 653 Et
186 594 223 651 de
236 592 379 650 foemineo
393 606 529 669 reparata
541 605 588 652 est
601 593 725 652 foemina
735 595 828 674 jactu.

130 687 205 746 lnde
219 703 317 762 genus
329 687 441 748 durum
453 705 569 755 sumus,
581 687 805 764 experiensque
819 689 967 767 laborum,

132 779 173 838 Et
182 781 361 840 documenta
373 781 490 850 damus,
505 798 565 856 qua
574 779 671 840 simus
684 780 802 860 origine
815 782 887 842 nati.

369 1029 490 1102 Python
505 1028 644 1098 Serpens.
664 1047 737 1090 ns.
751 1047 830 1114 rur.

162 1152 316 1224 *Carens
328 1145 456 1232 diversis
468 1149 562 1208 tellus
575 1148 718 1209 animalia
728 1149 835 1210 formis

133 1231 246 1322 Sponte
260 1263 314 1302 sua
325 1242 451 1320 peperit,
472 1253 632 1319 postquam
645 1254 734 1303 vetus
748 1246 859 1304 humor
872 1247 909 1304 ab
916 1241 993 1324 igne

55 1323 65 1344 ⁵
132 1339 284 1399 Percaluit
297 1336 385 1408 Solis,
405 1353 600 1414 coenumque,
614 1339 748 1414 udaeque
761 1340 885 1414 paludes

132 1433 310 1497 Intumuere
323 1442 409 1502 aesttu
429 1431 629 1508 foe'cundaque
644 1431 762 1492 semina
774 1451 877 1493 rerum

131 1523 242 1584 Vivaci
256 1523 369 1584 nutrita
381 1527 456 1592 solo,
468 1543 526 1582 ceu
540 1523 646 1581 matris
658 1523 691 1580 iu
704 1528 780 1593 alvo,

132 1617 313 1682 creverunt,
320 1613 490 1687 faciemque
504 1613 636 1689 aliquam
648 1631 759 1687 cepere
773 1615 927 1674 morando.
1037 1659 1040 1664 -

132 1707 194 1779 Sic,
206 1707 257 1766 ubi
268 1705 402 1764 deseruit
415 1705 552 1763 madidos
565 1705 765 1780 septemfluus
778 1725 869 1784 agros
982 1711 985 1718 '

131 1797 231 1870 Nilus,
245 1812 276 1858 et
285 1799 408 1876 antiquo
420 1817 476 1857 sua
491 1796 616 1857 flumina
625 1796 756 1858 reddidit
766 1802 861 1874 alueo,

133 1895 336 1972 AEthereoque
346 1909 454 1951 recens
467 1891 581 1950 exarsit
595 1892 695 1951 sidere
709 1892 811 1965 limus,

132 1987 268 2049 Plurima
282 1991 413 2046 cultores
427 1985 678 2058 versisanimalia
691 1986 789 2066 glebis

132 2081 303 2153 Inveniunt3
323 2081 397 2140 etin
407 2080 455 2139 bis
469 2082 610 2157 quaedsm
623 2082 714 2140 modo
725 2092 825 2157 coepta
837 2084 893 2141 sub
905 2081 1007 2157 ipsum

132 2175 288 2235 Nascendi
302 2172 443 2251 spatium:
464 2174 605 2251 quaedam
619 2173 809 2251 imperfecta,
823 2175 949 2251 suisque

133 2270 257 2331 Trunca
267 2268 369 2351 vident
381 2267 531 2329 numerisr
552 2280 584 2327 et
596 2271 707 2329 eodem
721 2269 752 2327 in
766 2287 892 2343 corpore
905 2289 987 2347 saepe

133 2364 241 2423 Altera
254 2379 322 2437 pars
334 2360 417 2429 vivit,
428 2359 510 2418 rudis
524 2373 650 2433 estpars
662 2362 756 2420 altera
769 2363 869 2419 tellus.

134 2456 257 2531 Quippe
270 2454 320 2513 ubi
329 2440 514 2527 temperiem
529 2469 667 2510 sumsere
678 2453 851 2528 humorque
863 2454 1015 2531 calorque,

132 2546 326 2623 Concipiuntr
348 2556 379 2605 et
391 2546 428 2603 ab
440 2543 488 2603 his
501 2542 640 2604 oriuntur
652 2557 761 2605 cuncta
773 2546 900 2606 duobus.

132 2643 276 2717 Cumque
291 2638 332 2699 sit
343 2638 424 2716 ignis
435 2655 521 2713 aquae
535 2656 669 2715 pugnax,
689 2656 782 2715 vapor
795 2639 936 2701 humidus
945 2661 1052 2703 omnes
1116 2664 1120 2671 ·

134 2736 200 2797 Res
212 2744 305 2805 creat,
319 2744 349 2793 et
360 2731 474 2793 discors
487 2730 646 2790 concordia
655 2730 777 2791 ioetibus
789 2744 858 2808 apta
870 2746 925 2793 est.

134 2832 221 2909 Ergo
233 2828 284 2887 ubi
297 2826 409 2885 dilutio
422 2828 511 2884 tellus
525 2826 672 2883 lutulenta
685 2823 802 2883 recenti

136 2923 257 2983 Solibus
271 2918 425 2990 aethereis,
438 2921 558 2994 altoque
575 2915 730 2985 recanduit
743 2928 831 2988 aestu,

134 3015 240 3076 Edidit
251 3014 427 3073 innumeras
438 3010 568 3087 speciest
590 3010 761 3088 partimque
775 3010 886 3088 figuras

135 3108 279 3170 Reddidit
288 3106 433 3182 antiquas,
446 3104 556 3181 partim
569 3123 649 3164 nora
660 3097 929 3164 monstrdcresrit.

136 3206 193 3265 Illa
207 3200 332 3277 quidem
344 3202 447 3259 nollet:
469 3199 522 3256 sed
535 3210 565 3256 te
577 3217 709 3275 quoque,
717 3195 853 3255 maxime
869 3189 996 3273 Python,

137 3300 223 3359 Tum
237 3296 351 3373 genuit:
371 3291 552 3370 populisque
567 3292 663 3362 novis,
675 3287 826 3379 ipcognita
840 3308 977 3366 serpens,

137 3394 254 3453 Terror
266 3408 344 3447 eras.
364 3389 497 3445 Tantum
512 3384 598 3461 spatii
610 3386 649 3443 de
663 3395 765 3443 monte
777 3385 909 3442 tenebas.
1038 3375 1042 3384 ’

138 3487 230 3545 Hunc
245 3484 332 3541 Deus
341 3480 518 3551 arcitenens,
532 3490 562 3537 et
574 3497 729 3555 nunquam
741 3475 850 3536 talibus
863 3476 957 3535 armis

139 3580 232 3653 Ante,
241 3573 301 3637 nisi
313 3572 345 3633 in
358 3572 454 3633 damis
465 3569 643 3648 capreisque
656 3570 824 3649 fugacibus,
833 3588 918 3640 usus,
