2400 4100
117 239 162 306 18
429 229 730 292 ,mertuorum

116 375 187 446 Fer,
199 384 292 451 pater,
304 372 523 450 inquientem,
544 373 571 432 si
584 374 710 434 flumina
721 381 834 434 numen
848 368 972 439 habetis.
1032 388 1035 397 ’

119 467 205 550 [Qua
218 466 348 526 nimium
361 466 471 543 placui,
481 469 583 536 tellus,
596 479 649 528 aut
663 467 758 538 hisce,
770 471 819 526 vel
830 467 931 542 istam,

118 563 196 634 Quae
211 559 281 619 iacit
292 571 327 619 ut
339 561 442 630 laedar,
456 563 596 620 mutando
607 561 701 635 perde
715 556 874 640 figuram]

117 652 183 712 Vix
196 671 288 728 prece
299 653 391 725 finita,
403 663 507 729 torpor
518 652 617 730 granis
626 653 753 727 occupat
762 663 856 714 artus:

117 745 226 812 Mollia
239 747 403 823 cinguntur
416 746 499 806 tenui
512 746 678 821 praecordia
691 745 778 806 libro:

116 843 154 898 In
167 839 428 909 frondemcrines‚
443 841 473 900 in
487 859 588 900 ramos
601 840 723 898 brachia
734 851 887 921 crescente

118 935 178 991 Pes
192 935 282 1014 modo
294 943 358 994 tarn
372 936 460 992 velox
474 933 573 1011 pigris
587 931 738 992 radicibus
751 934 860 990 baerets

119 1026 184 1086 Ora
198 1043 343 1088 cacumen
358 1027 428 1086 obit:
450 1039 590 1088 remanet
604 1016 776 1100 nitor'unus
788 1023 820 1082 in
832 1023 893 1084 illa.

116 1119 206 1178 Hanc
221 1136 343 1194 quoque
357 1121 485 1180 Phoebus
499 1133 589 1180 aurat:
602 1118 769 1201 ,positaque
780 1117 811 1204 in
823 1116 928 1195 stipite
938 1118 1046 1182 dextre
1118 1111 1126 1119 ’

118 1209 216 1270 Sentit
230 1213 328 1274 adhuc
339 1211 488 1288 trepidare
502 1231 579 1272 novo
593 1214 649 1272 sub
662 1211 775 1271 cortice
787 1199 904 1286 pectus.

118 1303 368 1380 Complexusque
384 1303 449 1364 suis
462 1324 571 1374 ramos,
586 1317 620 1365 ut
633 1306 778 1372 membra,
793 1303 924 1374 lacertis,

118 1398 234 1456 Oscula
247 1398 297 1456 dat
307 1396 402 1474 lignos
422 1397 537 1475 refugit
549 1409 651 1458 tamen
664 1399 769 1463 oscula
782 1396 912 1475 lignum.

65 1551 66 1554 Ἴ
119 1489 179 1548 Cui
192 1491 292 1560 Deum
315 1491 358 1550 At
373 1489 485 1569 conjux
501 1489 644 1566 quoniam
658 1509 797 1550 mennon
813 1501 899 1563 potes
912 1509 989 1560 esse5

118 1583 219 1640 Arbor
231 1582 291 1638 eris
305 1593 396 1650 certe,
406 1580 494 1650 dixit,
508 1599 585 1638 mea.
607 1581 736 1655 Semper
749 1581 897 1638 habebunt

67 1681 73 1700 “
120 1673 167 1730 Te
178 1691 272 1742 coma,
288 1682 318 1729 te
332 1671 469 1739 citharae,
484 1682 514 1730 te
525 1681 652 1740 nostre,
663 1672 758 1738 lauro,
770 1671 931 1744 pharetrae.

119 1766 169 1824 Tu
183 1764 311 1823 ducibus
324 1763 420 1825 Latiis
433 1762 544 1832 aderis,
556 1782 627 1848 cum
641 1764 709 1829 laeta
722 1762 914 1839 triumphum

18 1845 20 1852 ’
119 1856 191 1918 Vox
206 1868 305 1925 canen
327 1869 357 1916 et
370 1859 469 1932 longae
483 1856 581 1916 visent
589 1855 743 1930 'Capitolia
756 1874 886 1932 pompae.
973 1910 975 1915 .

101 2013 105 2016 ,
118 1947 262 2008 Postibus
272 1948 424 2024 Augustis
439 1950 545 2010 eadem
559 1947 708 2015 fidissima
722 1961 824 2007 custos

119 2045 201 2105 Ante
216 2042 296 2101 fores
309 2041 408 2112 stabis
429 2041 624 2117 mediamque
637 2041 763 2100 tuebere
777 2033 935 2116 quercum'.

119 2137 224 2211 thue
238 2154 343 2217 meum
359 2134 486 2193 intonsis
500 2145 591 2209 caput
603 2146 650 2191 est
659 2133 794 2213 juvenile
807 2134 935 2209 capillis;

119 2229 169 2287 Tu
184 2232 304 2305 quoq‘ue
315 2242 479 2305 perpetuos
495 2245 618 2303 semper
633 2246 707 2303 gere
718 2226 833 2287 irondis
847 2230 986 2290 honores.

118 2321 257 2392 Finierat
266 2325 365 2381 Paean.
386 2321 487 2378 Factis
499 2322 590 2379 modo
603 2323 705 2377 laurea
718 2319 810 2388 tamis
985 2392 987 2394 ι

94 2484 95 2493 ¹
119 2415 246 2482 Annuit:
268 2425 365 2489 utque
376 2422 474 2485 caput,
485 2410 547 2467 visa
560 2420 608 2467 est
621 2410 756 2486 agitasse
770 2428 936 2473 cacumen..
953 2466 956 2469 ,
1059 2491 1061 2495 ,

408 2664 440 2718 Io
451 2661 488 2717 in·
501 2662 627 2719 Vectem.
649 2680 721 2721 nnn.
735 2682 768 2721 x.

159 2784 225 2847 Esr
236 2798 346 2839 nemus
360 2782 517 2849 AEmonia‚
529 2796 677 2857 prerupta
691 2786 772 2858 quod
786 2784 920 2859 undique
933 2787 1043 2849 claudit

119 2872 212 2937 Silva:
235 2888 340 2930 vocant
352 2875 481 2948 Tempe.
504 2877 561 2935 Per
576 2892 645 2949 quse
660 2877 828 2936 Peneusab
844 2876 909 2935 imo
952 2885 954 2887 ’
977 2890 985 2904 ‘

120 2966 246 3025 effusus
260 2964 354 3054 i'indo
368 2966 520 3041 spumosis
534 2952 668 3025 uolutus
677 2969 776 3027 undisr

120 3059 314 3135 Dejectuque
330 3050 415 3136 gravi
428 3072 534 3119 tennes
547 3059 691 3137 agitantia
701 3060 804 3121 fumos

121 3152 233 3211 Nubila
244 3152 392 3223 conducit,
406 3171 600 3230 summasque
616 3156 774 3234 aspergine
788 3155 880 3215 silvas
965 3179 967 3182 ·

120 3245 258 3320 implum
278 3257 308 3306 et
321 3241 420 3307 sonitu
433 3248 502 3321 plus
516 3265 609 3322 quam
621 3246 719 3307 vicina
732 3246 846 3324 fatigat.

119 3340 200 3398 Haec
213 3338 330 3409 domus,
344 3342 411 3399 haec
425 3340 524 3411 sedes,
537 3342 603 3401 baec
617 3353 688 3400 sunt
700 3341 865 3415 penetralia
877 3343 981 3421 magni

122 3432 241 3501 Amnis:
262 3431 293 3491 in
309 3436 364 3491 hoc
377 3434 513 3507 residens
527 3434 605 3494 iacto
618 3436 657 3493 de
670 3435 807 3493 cautibus
819 3446 914 3505 antro,

121 3526 219 3589 Undis
230 3514 299 3605 jura
311 3527 406 3601 dabat,
417 3526 619 3604 nymphisque
630 3526 799 3587 colentibus
811 3530 920 3588 undam
