2400 4100
133 223 181 293 80
449 216 743 284 uersuum

76 359 244 448 Latius,
258 370 309 419 eut
322 360 447 419 totidem
460 363 580 458 tedebat
585 362 682 445 farris
696 380 862 423 acervos.-

128 451 253 531 HuJ‘us
243 470 273 509 m
285 450 406 541 obliquo
420 428 547 551 missum
559 454 642 514 stetit
645 426 782 535 inguine
791 455 924 530 ferrum

128 542 245 605 Letifer
250 544 313 637 ille
325 546 419 624 loeus
433 514 546 621 Quem
550 539 722 623 postquam
723 547 854 612 volueris
865 559 969 631 quator
1047 571 1054 595 -·

94 708 101 721 .
129 594 350 711 singultantem
364 640 504 705 animam,
516 650 545 699 et
559 624 728 699 versanteni
741 641 857 701 lumina
862 633 941 701 vidit
1003 691 1007 695 ,
1078 703 1081 704 ⁷

126 728 265 787 Bactrius
281 730 482 803 Halcyoneus,
498 732 574 797 Hoc,
586 733 665 804 quod
683 732 807 804 premis
820 732 926 807 inquit,
939 733 1057 801 habete,

125 818 175 879 De
190 833 233 879 tot
245 819 337 895 agris,
350 834 452 899 terrae:
468 838 639 896 corpusque
654 830 808 897 exsangue
821 821 952 900 reliquit.
1042 886 1046 895 ,

125 912 263 989 Torquet
276 914 306 971 in
321 913 401 972 hunc
416 915 530 971 hdstarn
545 912 642 971 calido
655 917 692 971 de
708 915 831 974 volnere
842 924 960 989 raptam

83 1064 87 1071 ,
127 1004 217 1062 Ultor
229 1005 423 1063 Abantiades:
440 1005 540 1063 media
554 1024 622 1079 quae
637 1024 707 1063 nare
722 1016 842 1078 recepta

125 1096 255 1154 Cervice
270 1107 377 1153 enecta
388 1108 436 1155 est
448 1096 478 1153 in
493 1084 653 1173 partesque
667 1096 783 1156 eminet
793 1099 906 1153 ambas.
968 1135 975 1141 -

51 1193 56 1209 ⁴
125 1185 270 1261 Dumque
282 1204 404 1247 manum
418 1189 548 1249 Fortuna
558 1187 655 1265 juvate
665 1188 868 1266 Clytiumque,
877 1186 1056 1266 Claninque,

125 1278 225 1337 Matre
239 1290 317 1336 satos
330 1296 396 1347 una,
410 1278 529 1339 diverso
544 1283 666 1339 vulnere
679 1280 766 1346 fudit.

124 1370 205 1429 Nam
220 1370 314 1445 Clytii
328 1386 554 1457 perutrumque
566 1373 653 1449 gravi
665 1371 768 1431 iibtata
779 1375 892 1435 lacerto
934 1408 938 1422 ι
997 1424 1002 1434 .

123 1461 275 1521 Fraxinus
289 1476 353 1523 aeta
362 1462 470 1529 femur,
480 1464 618 1543 jaculum
633 1464 738 1527 Clanis
746 1484 799 1523 ore
811 1462 999 1526 momordit„
1035 1500 1054 1515 -.

124 1554 246 1612 Occidit
256 1568 286 1611 et
296 1557 427 1616 Celadon
446 1556 632 1615 Mendesius:
647 1556 760 1615 oceidit
772 1559 910 1625 Aeaeus,

124 1644 224 1725 Matre
240 1634 397 1713 Palestina,
409 1646 500 1723 dubio
511 1645 647 1719 genitore
661 1658 791 1705 creatus.

72 1763 73 1767 ¹
123 1736 303 1811 AEthionque
318 1756 411 1811 sagax
423 1739 576 1813 quondam
589 1751 714 1800 venture
726 1739 838 1811 ridere3

123 1828 153 1887 N
157 1848 214 1887 unc
229 1848 282 1887 ave
295 1830 441 1905 deceptus
456 1814 541 1889 fals'ae
554 1829 705 1907 regisque
714 1830 866 1889 Thoactes

123 1920 280 1995 Armiger,
292 1934 324 1980 et
338 1941 418 1983 caeso
431 1922 567 1997 genitore
583 1921 704 1982 infamis
717 1927 857 1999 Agyrtes

122 2016 195 2076 Plus
207 2028 309 2075 tamen
323 2018 468 2074 exhausto
480 2026 630 2090 superest:
644 2032 775 2088 nemque
787 2012 927 2073 omnibus
939 2030 1057 2077 unum

123 2108 306 2185 opprimere
321 2119 368 2166 est
380 2107 510 2166 suimus
525 2108 689 2186 Conjorata
702 2107 834 2182 undique
847 2089 1063 2246 pugnante<

123 2201 259 2276 Agmina
271 2218 326 2274 pro
339 2219 428 2266 causs
440 2200 586 2259 meritum
600 2199 799 2276 impugnante
814 2184 998 2274 iidemque

123 2293 191 2352 Hae
201 2312 256 2368 pro
268 2306 349 2368 parte
363 2310 450 2351 socer
462 2291 614 2350 frustra
585 2311 665 2366 prus,
678 2305 709 2353 et
721 2310 798 2349 nova
809 2293 921 2369 coniux
968 2301 975 2312 ⁴

123 2387 205 2450 Cum
220 2385 377 2459 genitrice,
391 2384 500 2468 faverim
514 2386 690 2456 ululatuque
704 2382 781 2438 atria
792 2387 956 2455 complent.

124 2479 188 2536 Sed
199 2493 289 2534 sonus
300 2493 455 2534 armorum
469 2486 599 2549 superat,
610 2471 803 2551 gemitusque
816 2479 977 2539 cadentum
1040 2525 1044 2532 .

124 2572 319 2642 Pollutosque
333 2568 428 2624 semel
444 2569 540 2625 multo
553 2568 679 2625 Bellona
691 2580 815 2642 penates
859 2617 864 2622 .

125 2661 276 2738 Sanguine
291 2659 453 2735 perfundis
468 2671 668 2735 renovataque
684 2660 789 2734 praelia
800 2661 922 2722 miscet.

124 2756 324 2815 circumeunt
337 2772 431 2812 unum
446 2752 588 2818 Phineus,
602 2767 633 2810 et
643 2751 727 2810 mille
739 2753 837 2811 secuti

124 2848 245 2906 Phinea.
268 2847 344 2902 Tela
355 2846 453 2903 volant
465 2847 587 2903 hiberna
601 2844 746 2919 grandine
760 2846 847 2917 plura

125 2942 241 2999 Praeter
254 2929 417 3013 utrumque
427 2941 515 3004 latus,
528 2949 699 3016 praeterque
710 2946 742 2993 et
754 2938 857 2994 lumen
870 2944 903 2993 et
914 2952 1014 2993 aures:

125 3029 267 3106 Applicat
277 3028 346 3087 hinc
361 3032 506 3091 humeros
520 3031 557 3086 ad
568 3015 685 3104 magnae
700 3046 773 3086 saxa
785 3030 946 3096 columnam

126 3124 265 3198 Tutaque
279 3136 365 3200 terga
377 3111 498 3197 gerens,
513 3122 695 3196 adversaque
707 3121 739 3178 in
753 3116 875 3195 agmina
886 3133 1003 3192 versus,
1038 3136 1063 3178 ο
1099 3157 1102 3162 -

126 3216 262 3274 Sustinet
274 3214 425 3274 instantes.
448 3216 598 3272 Instabam
609 3226 692 3288 parte
706 3210 825 3270 sinistra
859 3231 863 3236 ·

127 3308 278 3366 Chaonius
292 3309 443 3383 Molpeus,
456 3308 561 3363 dextra
574 3307 758 3364 Nabathaeua
772 3304 934 3364 Ethemon.

124 3395 230 3472 'Tigris
245 3412 286 3466 ut,
300 3399 408 3462 auditis
422 3397 539 3456 diversa
552 3402 630 3458 valle
642 3399 771 3456 ὼιοιιιιιι

34 3507 37 3514 ’
125 3491 329 3552 exstimulata
340 3493 421 3554 fante
433 3490 600 3570 mugitibus
614 3502 830 3560 armentorum,
941 3544 945 3550 .

1191 573 1192 611 t

1190 627 1192 678 4
