2400 4100
432 263 514 324 aru.
527 254 618 322 x111.
631 220 723 321 rsa.
738 223 769 322 ι]
855 234 859 241 ’
990 264 1057 331 aar

129 408 237 467 AEacus
251 406 320 467 lruie
335 416 420 483 pater
431 420 488 467 est:
504 408 555 485 qui
569 408 640 486 jura
652 407 808 467 silentibus
818 406 879 471 illic
972 458 976 462 .

102 507 106 513 ’
128 500 250 569 Reddit.
262 503 315 559 ubi
327 502 461 559 AEolidau
476 520 582 559 saxum
596 520 688 577 grave
699 500 853 576 Sisyphon
861 511 960 579 urget.

130 592 239 651 AEacon
252 594 391 670 agnoscit
400 612 547 663 summus,
559 596 739 669 prolemque
751 594 861 653 fatetur

58 685 63 693 '
127 684 247 761 Jupiter
260 704 327 744 esse
343 704 437 745 suam.
458 688 506 743 Sic
520 689 556 748 ab
570 686 645 745 Jove
658 690 765 745 tertius
778 687 869 765 Ajatt.

127 778 196 836 Nec
209 792 311 838 tamen
326 783 391 839 lraec
404 780 498 839 series
511 780 542 838 iu
557 798 648 837 causa
661 780 767 855 prosit,
780 780 903 849 Achivi3
943 785 945 788 ’

127 869 161 926 Si
173 872 249 929 mihi
262 891 332 930 cum
345 882 453 951 magno
468 892 527 931 non
541 884 588 931 est
601 873 770 931 eommunis
782 872 913 931 Achille.

125 962 234 1047 frater
245 978 319 1026 erat:
335 967 463 1027 fraterna
473 980 555 1043 peto.
575 967 656 1043 Quid
672 967 817 1040 sauguine
833 980 935 1027 cretus

127 1056 277 1133 Sisyphio,
291 1059 446 1137 furtisque,
461 1072 493 1118 et
506 1059 609 1118 fraude
623 1059 795 1119 simillimus
804 1059 860 1130 illi,
929 1080 934 1091 ¹

127 1136 240 1208 luserit
252 1153 380 1211 AEacidis
393 1153 499 1211 alienae
512 1152 633 1211 nomina
646 1151 758 1228 gentis?
955 1142 961 1150 ’

125 1244 176 1303 An
190 1247 269 1319 quod
282 1244 313 1303 in
326 1262 410 1303 arma
422 1230 514 1321 prior,
529 1248 672 1322 nulloque
687 1248 742 1302 sub
754 1244 852 1304 iudice
869 1247 946 1318 veui,

125 1334 221 1393 Arma
232 1338 369 1413 neganda
381 1336 468 1395 mihi?
484 1338 639 1413 potiorque
654 1338 803 1396 videbitur
814 1342 875 1408 ille,

126 1428 242 1485 Ultima
255 1428 308 1503 qui
321 1428 659 1505 cepitr‘detrectavitque
672 1428 775 1487 lurore

126 1518 269 1579 Militiam
284 1520 365 1579 licto:
379 1522 474 1579 donec
490 1522 641 1579 sollertior
652 1519 719 1591 isto,

125 1612 187 1675 Sed
201 1612 258 1671 sibi
269 1612 411 1680 inutilior,
425 1614 522 1672 timidi
537 1628 706 1672 commenta
720 1617 830 1675 retexit

125 1704 311 1783 Naupliades
324 1705 423 1774 animi,
437 1707 586 1784 vitataque
601 1708 692 1767 traxit
705 1709 735 1766 in
749 1708 843 1767 arina?

126 1796 250 1871 Optima
264 1816 342 1854 nunc
354 1810 462 1867 sumat,
477 1800 528 1874 qui
536 1818 663 1857 sumere
678 1789 773 1870 uoluit
782 1797 856 1859 ulla.

124 1888 191 1946 Nos
203 1890 380 1959 inhonorati,
390 1902 420 1948 et
434 1892 518 1949 donis
533 1890 721 1966 patruelibus
735 1893 810 1960 orbi,

125 1980 299 2041 obtulimus
312 1982 432 2059 quinos
445 1984 480 2040 ad
496 1982 592 2057 prima
606 1982 750 2059 pericula,
764 1983 867 2041 simus.

13 2135 15 2146 ,
124 2075 225 2151 Atque
238 2075 350 2132 utinam
365 2087 415 2134 aut
427 2095 518 2134 verus
529 2075 614 2134 suror
630 2077 692 2145 ille,
703 2088 757 2134 aut
768 2078 909 2148 creditus,
922 2092 1013 2150 essen

13 2167 14 2174 ’
115 2167 193 2225 ΔΝιτο
206 2185 309 2225 comes
325 2167 374 2225 hic
391 2167 537 2243 Phrygias
550 2185 684 2244 unquam
696 2168 827 2226 vertisset
839 2172 877 2227 ad
888 2189 972 2229 arces

122 2259 268 2318 Hortator
280 2258 442 2317 scelerum!
457 2277 515 2316 non
526 2271 565 2327 te,
582 2258 714 2316 Poeantia
725 2262 833 2331 proles,

116 2339 305 2426 ‘Expositum
316 2352 447 2410 Lemnos
460 2363 559 2408 nostro
572 2370 643 2408 cum
655 2349 781 2410 crimine
794 2354 925 2411 haberet.

122 2445 185 2517 Qui
197 2463 276 2502 nunc
290 2445 336 2522 (ut
348 2445 531 2522 memorant)
546 2442 733 2502 silvestribus
746 2445 862 2502 abditus
875 2444 966 2504 antris

123 2537 204 2594 Saxa
212 2537 315 2595 moves
330 2524 457 2613 qemun,
472 2536 699 2611 Laertiadaeque
713 2537 856 2610 precaris,
911 2537 915 2540 ’

121 2629 200 2701 Quae
212 2627 334 2686 meruit:
348 2647 417 2705 quae
432 2629 472 2704 (si
486 2630 528 2685 Di
544 2629 627 2704 suut)
639 2647 696 2684 non
711 2646 783 2684 vana
795 2630 939 2702 preceris.

120 2723 163 2781 Et
175 2742 254 2780 nunc
268 2723 320 2782 ille
334 2725 439 2782 eadem
454 2723 540 2782 nobis
551 2722 672 2800 juratus
682 2722 711 2778 in
723 2740 815 2790 arrna,

37 2851 41 2859 ·
121 2815 235 2892 (Heul)
250 2835 318 2891 pars
332 2834 390 2874 una
404 2818 527 2883 ducum,
538 2835 598 2892 quo
611 2832 786 2872 successore
801 2813 921 2889 sagittae

120 2905 266 2966 Herculis
280 2919 414 2975 utuntur,
429 2907 541 2967 fractus
552 2887 733 2983 morboque}
741 2905 891 2982 fameque,

121 2991 322 3076 Velaturque‚
334 2997 484 3076 aliturque
495 2999 606 3068 avibus3
620 3001 816 3074 volucresque
830 3001 960 3072 petendo

120 3091 233 3150 Debita
247 3090 387 3170 Trojanis
398 3103 522 3150 exercet
537 3091 654 3166 spicula
666 3089 745 3149 fatis.

121 3187 177 3244 llle
188 3196 289 3243 tamen
303 3180 383 3252 vivit,
395 3184 464 3260 quia
479 3203 536 3242 non
551 3183 702 3242 comitavit
717 3184 856 3258 Ulyssen.

121 3275 231 3336 Mallet
243 3289 275 3334 et
287 3267 392 3334 iufelix
407 3279 581 3336 Palamedes
596 3296 663 3334 esse
678 3274 809 3333 relictus.
853 3270 855 3273 ’

120 3369 258 3438 Viveret,
272 3382 323 3427 aut
335 3382 417 3427 certe
434 3373 528 3428 letum
544 3367 612 3426 sine'
623 3367 748 3426 crimine
763 3368 894 3424 haberet.

121 3459 232 3532 Quem,
246 3451 324 3519 male
339 3461 466 3521 convicti
480 3460 608 3520 nimium
621 3479 740 3517 memor
753 3459 810 3517 iste
824 3457 943 3530 suroris,

123 3551 255 3644 Prodere
269 3571 335 3611 rem
346 3553 481 3612 Danaam
494 3553 590 3612 finxitt
605 3551 770 3628 fictumque
782 3549 916 3626 probarit
953 3610 967 3620 ,.

498 3643 500 3648 ’
713 3645 740 3700 L
