2400 4100
154 265 224 339 122
465 258 760 319 nnrnsronnr.

149 406 283 465 Crimen.
305 406 345 465 Et
357 404 495 472 ostendit,
510 406 590 480 quod
601 404 633 482 ja
644 427 650 445 ‘-
680 405 869 479 praelsrlstat,
878 406 997 465 anmm.
1071 412 1076 439 ³

150 500 235 572 Ergo
248 508 299 558 aut
312 496 403 557 'exilio
418 497 499 555 vires
511 498 656 555 subduxit
671 496 804 568 Achivis,

150 592 214 651 Aut
226 608 310 648 nece.
332 589 383 647 Sic
397 602 521 665 pugnet,
535 589 580 647 sic
595 606 640 647 est
656 593 835 648 metuendus
850 594 990 665 Ulyssem

148 684 220 757 Qui,
234 684 302 742 licet
318 682 439 759 eloquo
453 670 680 759 lldt'tm'quoque
692 684 824 741 Nestora
834 683 942 751 vineas
1023 701 1026 706 ’

148 778 240 835 Haud
254 790 352 835 tamen
364 776 484 841 efficiet,
498 777 653 833 desertum
665 787 700 833 ut
714 777 847 834 Nestora
859 778 974 851 crimen
1016 799 1019 805 ·
1070 777 1073 787 '

149 872 226 929 Esse
241 890 308 929 rear
320 872 446 928 nullum.
468 870 542 941 Qui,
556 888 627 927 cum
637 869 812 944 imploraret
828 872 970 945 Ulyssem

148 963 287 1022 Vulnere
299 962 401 1020 tardus
415 962 498 1038 equi,
510 964 667 1039 fessusque
681 962 824 1020 senilibus
837 962 932 1027 annis,

149 1054 290 1113 Proditus
305 1074 322 1111 a
335 1055 415 1111 socio
426 1067 481 1114 est.
503 1056 570 1111 Non
587 1058 652 1113 baec
664 1055 739 1113 mibi
755 1055 881 1112 crimina
894 1052 975 1131 lingi

149 1146 214 1204 Scit
228 1148 305 1205 bene
320 1146 463 1221 Tydides:
477 1146 530 1223 qui
544 1146 665 1205 nomine
679 1147 916 1223 saepev'oca'tum
1057 1135 1061 1141 ⁴

148 1238 314 1313 Corripuit3
328 1239 504 1315 trepidoque
518 1239 625 1317 fugem
638 1243 813 1315 exprobres
806 1255 829 1299 ιι
841 1242 948 1299 anteo.

123 1327 331 1438 Adspiciunt
345 1332 442 1390 oculis
456 1328 581 1407 Superi
579 1334 738 1391 mortalia'
727 1334 827 1411 Justis.

123 1402 197 1483 En
210 1439 281 1503 eget
297 1424 418 1493 auxilio,
429 1426 482 1501 qui
495 1440 553 1485 non
566 1425 647 1485 tulit:
662 1439 755 1502 utque
769 1425 900 1501 reliquit,
970 1455 978 1475 a

149 1518 201 1575 Sic
214 1518 393 1594 linquendus
406 1530 478 1577 erat.
502 1520 618 1592 Legem
634 1518 690 1577 sibi
705 1518 842 1576 dixerat
834 1536 912 1591 ipse.
953 1540 958 1550 ¹

149 1608 323 1667 Conclamat
335 1606 440 1665 socios.
462 1610 589 1675 Adsum3
607 1606 752 1682 videoque
766 1620 991 1678 trementem,

148 1701 373 1773 Pallentemque
387 1712 480 1765 metu,
494 1718 528 1755 ac
543 1697 743 1773 trepidantem
754 1700 852 1756 morte
862 1699 973 1757 lutura

149 1793 287 1871 Opposui
300 1796 410 1850 molent
426 1792 533 1873 clypei;
547 1791 669 1866 texique
681 1791 845 1869 jacentem

150 1885 332 1962 Servavique
348 1883 477 1941 animam
488 1881 664 1961 (minimum
680 1896 726 1943 est
737 1883 914 1960 boc‘loudis)
926 1884 1077 1943 inertem..

150 1981 182 2038 si
196 1990 311 2054 perstas
323 1983 450 2042 certare,
465 1980 565 2033 locum
579 1978 738 2035 redeamus
750 1976 780 2031 in
794 1976 889 2033 illums
911 2020 914 2024 ,
1017 1998 1021 2004 ’

149 2073 255 2133 Redde
269 2073 394 2132 hostem,
407 2073 572 2144 vulnusque
586 2081 684 2136 tuum,
698 2068 880 2145 solitumque
892 2068 1066 2128 ιίιιιοιιιιιιιει

148 2167 221 2226 Post
236 2167 434 2239 clypeumque
449 2164 517 2219 latez
532 2173 562 2219 et
574 2178 698 2218 mecum
708 2163 856 2227 ¹contende
869 2161 1001 2232 subillo.

149 2261 191 2318 At
204 2259 359 2332 postquam
373 2253 479 2328 eripu-i3
494 2253 545 2312 cui
559 2252 655 2311 standi
667 2257 794 2311 vulnera
806 2256 886 2312 vires
1056 2251 1061 2256 ’

149 2352 220 2410 Νοιι
234 2350 385 2414 dederant,
399 2350 480 2404 nullo
493 2348 624 2402 tardatus
636 2349 758 2403 vulnere
772 2341 860 2418 fugit.
917 2383 923 2390 ·

149 2443 268 2502 Hector
280 2435 373 2497 adesi:
390 2455 556 2514 secumque
572 2439 655 2494 Deos
665 2437 694 2494 in
709 2436 815 2512 praelia
827 2437 921 2498 ducit:
988 2478 991 2481 -

125 2574 128 2582 ,
149 2534 277 2608 Quaque
292 2529 434 2597 rui.t,.non
447 2544 479 2586 tu
493 2542 608 2588 tantum
621 2530 754 2599 terreris,
768 2532 891 2607 Ulysse3
922 2546 924 2551 '
960 2557 964 2563 ’
988 2544 990 2549 “

149 2627 212 2684 Sed
224 2625 317 2703 fortes
329 2622 429 2682 etiarm
444 2635 559 2681 tanturn
571 2623 661 2682 trabit
674 2623 725 2681 ille
740 2621 870 2680 timoris.
923 2649 930 2656 ι

149 2698 241 2796 Hunc
255 2735 312 2791 ego
326 2714 497 2790 sanguineae
513 2731 658 2773 successu
672 2714 765 2773 caedis
777 2727 914 2780 ovantem
1004 2737 1015 2774 ι

144 2787 296 2868 Cominus
309 2805 425 2881 ingenti
439 2807 615 2885 resupinum
627 2808 761 2880 pondere
769 2807 846 2865 ludi.

150 2902 243 2960 Hunc
257 2917 316 2974 ego
328 2910 511 2972 poscentem,
525 2917 596 2956 cum
609 2916 669 2974 quo
683 2914 886 2965 concurreret,
897 2917 977 2958 unus
1004 2925 1007 2929 ·
1032 2927 1040 2934 ..

123 3021 124 3028 ι
150 2990 296 3052 Sustinui:
313 3002 483 3067 sortemque
499 3009 599 3049 mearn
612 2991 744 3059 vovistis,
761 2991 881 3050 Achivi:
908 3028 910 3031 -

84 3155 86 3159 ,
150 3085 191 3146 Et
202 3097 311 3143 vestrae
325 3085 444 3142 valuere
456 3099 571 3157 preces.
591 3085 626 3140 Si
639 3085 775 3161 quaeritis
790 3085 881 3161 buius

148 3179 313 3238 Fortunam
325 3190 446 3250 pugnae3
460 3170 517 3232 non
531 3189 599 3234 sum
614 3192 772 3250 superatus
785 3179 821 3232 ab
835 3176 898 3234 illo.

151 3271 232 3330 Ecce
246 3266 347 3326 ferunt
363 3267 459 3328 Tro'es
473 3266 680 3345 ferrumque,-
672 3273 846 3344 ignemque,
846 3269 1028 3348 iovemque
1044 3298 1048 3309 ·

147 3361 187 3421 lrl
202 3361 317 3418 Danaas
325 3363 444 3418 classes
466 3357 526 3417 Ubi
537 3379 617 3418 nunc
629 3361 773 3419 facundus
788 3362 926 3433 [Πιιεειῖ
973 3385 978 3392 ·

150 3453 273 3526 Nempe
287 3471 345 3526 ego
358 3431 442 3510 mille
453 3469 522 3509 meo
534 3454 653 3525 protexi
666 3468 788 3528 pectore
798 3472 925 3527 puppes,

99 3545 243 3622 Spem
254 3543 346 3605 vestri
357 3544 481 3605 reditus
500 3545 582 3610 Date
594 3559 637 3606 tot
647 3563 704 3622 pm
716 3546 850 3607 novibus
854 3563 946 3614 arm,
