2400 4100
348 248 352 268 “
435 258 584 319 arsur.
607 215 804 319 renutu.

139 404 380 481 -Purpureasqne
394 416 477 465 notas
491 404 549 463 lilis
561 404 691 464 intexuit
705 404 793 474 albis3

54 552 65 569 ,
149 499 298 557 Indicium
312 499 446 559 sceleris:
460 502 651 575 perfectaque
664 496 786 557 tradidit
796 498 858 556 uuir

150 592 252 670 litque
268 593 482 653 seratdominae
497 606 584 667 gestu
597 604 694 667 rogat.
715 592 772 649 Illa
784 602 886 667 rogata

150 685 277 743 Pertulit
289 689 326 744 ad
341 688 484 755 Procnen,
497 705 554 744 nec
568 686 628 744 scit
642 685 713 761 quid
728 687 821 743 tradat
834 684 865 742 in
878 684 948 743 illis.

150 778 267 841 Evolvit
280 792 378 839 vestes
391 776 462 839 saevi
476 792 612 838 matrona
624 777 752 854 tyranni:

149 870 371 949 Germanaque
386 892 444 931 sua
460 890 582 930 carmen
597 870 769 929 miserabile
782 872 865 947 legit.

148 964 188 1023 Et
202 965 328 1040 (mirum
343 966 490 1043 potuisse)
506 965 586 1024 silet:
599 964 684 1022 dolor
695 982 748 1022 ora
761 964 913 1039 repressit:

149 1058 313 1134 Verbaque
328 1060 479 1135 quaerenti
494 1058 566 1117 satis
579 1058 765 1133 indignantia
778 1055 891 1132 linguae
926 1067 932 1083 “

148 1151 330 1210 Defueruntt
345 1172 402 1210 nec
416 1153 487 1210 flere
503 1162 596 1209 vacate
611 1151 665 1209 sed
680 1150 784 1226 fasque
798 1150 940 1226 nefasque

144 1245 316 1304 Confusura
329 1246 400 1304 ruite
413 1262 569 1321 poenaeque
582 1245 613 1302 in
627 1245 759 1321 imagine
770 1256 832 1303 tota
845 1258 902 1302 est.

148 1339 287 1413 'l'empus
301 1356 374 1406 erat,
387 1360 446 1415 quo
460 1358 543 1397 saera
557 1340 654 1397 solent
669 1338 839 1397 Trieterica
849 1339 963 1398 Bacclti

148 1431 294 1491 Sithoniae
309 1436 460 1492 celebrare
476 1449 578 1489 nurus.
602 1428 673 1490 Nix
688 1430 808 1489 conscia
820 1431 922 1489 sacris.

147 1525 245 1585 Nocte
261 1538 346 1582 sonat
360 1526 505 1599 Rhodope
518 1523 671 1582 tinnitibus
685 1523 755 1582 aeris
766 1523 858 1582 acutia

146 1618 245 1677 Nocte
258 1638 311 1676 sua
323 1632 368 1675 est
382 1638 506 1691 egressa
519 1620 609 1677 domo
622 1616 737 1694 regina:
754 1617 875 1693 Deique
969 1652 975 1663 -
1037 1608 1043 1628 ¹

147 1710 266 1769 Ritibus
281 1710 449 1778 instruitur,
463 1710 637 1786 furialiaque
652 1710 763 1785 accipit
776 1730 870 1770 arma.

147 1804 221 1863 vire
234 1818 323 1879 caput
336 1806 463 1880 tegiturt
478 1805 564 1862 lateri
578 1804 700 1863 cervina
712 1805 833 1862 sinistro

146 1896 272 1956 Vellera
285 1900 466 1973 dependent:
481 1900 609 1955 humero
623 1898 697 1955 levis
709 1896 828 1955 incubat
842 1900 934 1961 hasta.

146 1991 273 2050 Concita
286 1992 440 2066 persilvas
454 1994 538 2050 turba
553 1990 715 2051 comitante
724 2009 853 2052 ‘suarum

146 2085 306 2144 Terribilis
320 2087 442 2150 Procne,
454 2085 603 2162 furiisque
614 2085 726 2162 agitata
740 2084 861 2156 doloris,

146 2177 276 2238 Bacche,
289 2189 356 2234 tuas
370 2178 499 2234 simulat.
518 2177 612 2234 Venit
626 2180 663 2233 ad
675 2180 790 2235 stabula
799 2179 865 2234 aria
875 2181 1007 2239 tandem:

146 2269 360 2344 Exululatque,
375 2269 518 2343 Evoeque
535 2279 628 2336 sonat,
641 2278 804 2343 portasque
820 2268 971 2345 refringit:

145 2362 392 2437 Germanamque
407 2361 495 2438 rapit:
511 2373 664 2437 raptaeque
678 2359 808 2436 insignia
823 2362 936 2420 Bacchi

146 2455 260 2514 Induit:
276 2467 307 2513 et
321 2459 421 2514 vultus
435 2457 613 2515 hederarum
628 2454 783 2513 frondibus
798 2455 889 2514 abdit:

146 2549 371 2623 Attonitamqoe
383 2550 504 2606 trahens
516 2547 593 2606 intra
605 2567 658 2606 sua
671 2547 775 2606 limina
789 2547 885 2606 ducit.

146 2641 189 2698 Ut
202 2641 295 2698 sensit
308 2640 445 2714 tetigisse
456 2641 582 2698 domum
597 2639 765 2697 Philomela
777 2641 946 2711 nefandam,

146 2733 275 2794 Horruit
288 2731 404 2802 infelix3
418 2745 539 2809 totoque
551 2731 698 2810 expalluit
709 2749 772 2790 ore.

146 2807 243 2885 Nacta
255 2829 356 2885 locum
370 2821 494 2894 Procne,
508 2845 664 2885 sacrorum
677 2825 805 2906 pignora
818 2817 923 2908 demit,

148 2919 271 2995 Oraque
282 2921 398 2978 develat
410 2921 531 2980 miserae
546 2905 717 2996 pudibunda
730 2923 834 2982 sororis

145 3013 364 3087 Amplexuque
377 3013 462 3090 petit.
481 3014 542 3070 Sed
555 3033 614 3071 non
629 3018 764 3073 attollere
779 3027 881 3074 contra

147 3105 283 3164 Sustinet
296 3109 361 3166 haec
374 3110 490 3175 oculos;
504 3109 606 3181 pellex
620 3107 675 3167 sibi
690 3109 751 3168 visa
763 3109 885 3165 sororis:

145 3196 336 3276 Dejectoque
348 3200 378 3257 in
393 3203 521 3258 humum
535 3203 629 3268 vultu,
641 3199 744 3278 jurare
759 3200 877 3268 volenti,

146 3291 327 3366 Testarique
340 3291 432 3361 Deos,
444 3311 499 3370 per
512 3289 573 3349 vim
585 3292 641 3351 sibi
653 3295 785 3353 dedecus
799 3293 876 3350 illud

146 3375 279 3452 illatum,
293 3403 348 3461 pro
364 3405 435 3444 voce
449 3383 555 3444 manus
570 3385 635 3444 luit.
655 3387 762 3454 Ardet,
772 3397 804 3444 et
816 3384 892 3444 iram

144 3467 214 3537 Non
230 3477 309 3553 c'apit'
321 3480 384 3552 ipsa
397 3497 483 3538 suam
498 3481 626 3537 Procne:
641 3480 807 3554 fletumque
818 3479 930 3537 sororis

146 3571 333 3649 enutriens,
349 3573 377 3632 N
380 3591 418 3632 on
431 3586 478 3633 est
490 3574 630 3650 lacrymis
644 3572 705 3642 hic,
718 3570 823 3648 inquit,
834 3576 996 3657 agendum,
1097 3631 1110 3650 χ

1030 1892 1041 1919 O
