2400 4100
241 610 265 670 ;
294 520 869 665 unrnnousuusnuu

381 838 387 859 ¹
475 874 683 941 nrsssv.

67 1146 73 1169 ¹
143 1147 237 1215 Caput
252 1148 396 1218 Gorgonis
412 1146 548 1202 Homines
561 1147 592 1217 ip
611 1148 693 1203 Saxa
709 1161 890 1205 conuertens.
903 1164 976 1206 sss.
990 1168 1013 1206 r.
1029 1160 1033 1165 '

116 1285 370 1396 DUMQUEes
382 1324 562 1399 Cephenum
576 1324 679 1385 medio
693 1326 847 1385 Danaeius
861 1328 950 1405 heros
1036 1371 1038 1377 .

114 1415 249 1492 Agmine
264 1430 494 1487 commemoras
508 1418 631 1477 fremitu
646 1420 760 1495 regalia
773 1422 863 1478 turine
893 1408 899 1445 ³

114 1510 201 1567 Atria
215 1513 415 1585 complenture
429 1530 484 1569 nec
499 1512 680 1588 conjugiaiis
692 1513 768 1567 fests

113 1597 175 1670 Qui
189 1594 281 1669 canet,
295 1612 340 1658 est
354 1595 479 1668 clamem
494 1604 547 1659 sed
560 1602 615 1674 qui
627 1600 690 1658 sera
703 1596 828 1657 nunciet
840 1615 933 1658 arma.

114 1693 208 1764 Inque
224 1690 394 1765 repentinos
409 1690 545 1749 convivia
560 1710 646 1749 versa
659 1692 809 1750 tumuitus

13 1830 15 1837 .
114 1780 293 1841 Assimilare
306 1782 384 1839 freto
397 1781 505 1857 possis
520 1784 599 1858 quud
613 1800 692 1841 saeve
709 1782 848 1858 quietum
878 1798 882 1805 ⁴
920 1770 961 1814 ”¹=

113 1876 284 1933 Ventorum
297 1874 498 1933 rabiesinotis
513 1887 673 1951 exasperat
685 1873 781 1934 undis.

113 1968 235 2026 Primus
247 1967 277 2027 in
292 1967 346 2025 his.
354 1969 493 2038 Phineus,
506 1968 578 2025 belli
589 1966 771 2026 temerarius
783 1976 899 2037 auctor,

114 2060 293 2120 Fraxineam
310 2060 448 2136 quatiens
462 2072 561 2119 aaratae
573 2057 707 2134 cuspidis
714 2062 847 2126 hamam
964 2060 968 2065 ’

37 2173 41 2180 ’
114 2153 172 2223 En,
187 2153 237 2222 ait,
249 2173 286 2211 en
302 2156 409 2212 adsum
422 2165 586 2232 praereptae
597 2146 739 2230 conjugis
747 2151 840 2217 >uitus

114 2246 182 2302 Nec
198 2243 273 2304 mihi
286 2255 316 2303 te
327 2261 447 2320 penitae,
461 2263 517 2303 nec
532 2243 642 2302 falsum
656 2261 761 2302 versus
774 2243 804 2301 in
814 2260 927 2301 aurum
963 2252 965 2257 ’
1020 2248 1031 2289 ¹·
1057 2279 1063 2288 -

113 2337 240 2412 Jupiter,
254 2337 391 2413 eripient.
410 2337 540 2395 Conanti
554 2336 675 2394 mittere
687 2337 841 2408 Cepheus,

114 2428 196 2500 Quid
210 2427 295 2486 facis?
311 2413 471 2488 exclamat:
488 2441 555 2500 quae
571 2437 611 2493 te,
619 2444 779 2501 germane,
792 2425 946 2500 furentem

116 2519 205 2576 Mens
219 2519 280 2596 agit
294 2517 323 2574 in
338 2517 463 2578 facinus?
478 2517 634 2576 meritisne
647 2521 713 2577 haec
729 2516 823 2595 gratis
836 2518 926 2576 tantis

115 2610 272 2669 Redditur?
289 2613 343 2670 hau
356 2610 448 2668 vitam
461 2624 587 2671 servatae
599 2614 669 2670 dote
683 2610 835 2685 rependis?

115 2705 215 2776 Quam
229 2702 283 2761 tibi
294 2721 352 2762 non
369 2705 507 2774 Perseus,
522 2723 626 2763 verum
642 2705 670 2761 si
681 2705 803 2778 quaeris,
817 2704 939 2772 ademit,

116 2798 175 2854 Sed
190 2815 280 2872 grave
296 2799 467 2854 Nereidum
481 2814 604 2864 numen,
618 2797 670 2851 sed
684 2796 825 2870 corniger
839 2799 984 2864 Ammon,

115 2894 175 2949 Sed
188 2909 256 2968 quae
271 2891 433 2962 visceribus
449 2889 585 2949 veniebat
598 2891 698 2947 bellua
710 2888 794 2964 penti

116 2985 322 3046 Exsanuunda
335 2983 422 3059 nasis}
437 2983 492 3041 1110
504 2983 559 3042 tibi
571 2995 708 3058 tempore
722 2995 807 3057 rapta
820 2993 876 3053 est,

70 3127 74 3134 .
115 3081 185 3152 Quo
196 3077 330 3154 peritura
344 3077 416 3135 suite
429 3077 498 3136 Nisi
511 3077 546 3147 si,
558 3077 701 3146 crudetis,
714 3077 742 3134 id
757 3075 858 3150 ipsum

116 3173 233 3247 Exigis,
247 3184 281 3230 ut
296 3179 411 3246 pereat:
427 3173 569 3244 luctuque
584 3171 723 3228 levabere
738 3180 848 3226 nostro.
1029 3241 1032 3248 Ι

116 3263 238 3322 Scilicet
251 3264 330 3322 haud
344 3263 416 3322 satis
430 3273 485 3329 est,
499 3263 589 3338 quod,
599 3275 630 3319 te
645 3271 808 3336 spectante,
822 3259 954 3318 revincta
967 3269 1024 3328 est,

115 3354 155 3412 Et
169 3357 282 3412 nullam
294 3357 374 3430 quod
386 3373 475 3430 opem
489 3367 613 3428 patruus
627 3370 791 3427 sponsusve
804 3350 911 3410 tulistis
1076 3357 1081 3364 ’

117 3449 243 3522 Insuper
256 3465 274 3503 e
287 3463 439 3522 quoquam
453 3421 585 3521 quoti'sit
596 3431 714 3503 serula
725 3442 850 3501 dolebis:

116 3537 305 3613 Praemiaque
321 3538 445 3613 eripies?
459 3526 528 3614 uuae
544 3537 570 3596 si
583 3536 638 3595 tibi
651 3555 761 3614 magna
774 3536 929 3609 videntum
