2400 4100
437 243 516 319 mn.
530 242 570 301 v.
589 241 685 303 aaa.
696 242 772 303 vu.

139 387 211 445 lura
223 384 269 444 sui
282 402 426 454 maerens,
437 384 648 447 inconsolabile
661 391 771 448 vulnus

138 467 245 535 Mente
260 478 337 553 gerit
349 478 448 537 tacitas
462 479 665 557 lacrymisque
678 477 848 539 absumitur
858 480 969 540 omnis:

137 570 189 635 Et,
201 588 329 647 quarum
342 570 442 629 luerat
454 564 599 647 'inagnum
614 575 704 631 modo
716 560 880 640 numemiir
894 573 962 632 illas
1046 599 1051 608 ·

139 662 327 721 Extenuatur
339 680 447 737 aquas:
463 664 579 723 Molliri
593 667 730 723 membra
745 665 872 722 videresa

139 756 219 811 Ossa
231 754 293 829 pati
304 754 411 816 flexus:
426 773 546 832 ungues
558 756 696 831 posuisse
709 755 854 837 rigorema

137 846 300 921 Primaque
313 848 348 905 dc
362 857 422 907 tota
433 846 616 907 tenuissima
627 866 754 923 quaeque
769 847 953 923 liquescunt;
1012 909 1016 918 ,

139 937 271 996 Caerulei
285 938 397 1008 crines,
405 938 563 1017 digitique,
574 950 605 996 et
619 957 716 1008 crura,
729 941 895 1015 pedesque:

138 1030 219 1089 Nam
235 1030 332 1089 brevis
344 1029 373 1089 in
388 1028 502 1107 gelidas
515 1030 662 1089 membris
674 1031 804 1091 exilibus
819 1034 912 1090 undas
941 1092 945 1098 ,

131 1120 300 1185 'francicus
313 1135 368 1181 cst:
390 1135 459 1198 post
480 1126 546 1183 haec
566 1134 760 1201 tergumque,
774 1124 967 1200 humerique,
979 1124 1056 1187 istus

255 1234 326 1290 que,

138 1306 321 1381 Pectoraque
332 1308 363 1365 iu
377 1320 484 1367 tenues
495 1311 606 1369 abeunt
618 1309 742 1369 evanida
748 1310 843 1368 'rison

139 1397 282 1473 Denique
297 1416 352 1473 pm
364 1397 432 1457 vivo
444 1399 561 1457 vitiatas
573 1401 719 1472 sanguine
731 1420 822 1471 venas

136 1491 278 1571 Lympha
291 1489 381 1549 subit:
394 1502 545 1566 restatque
557 1490 645 1563 nibil,
657 1492 737 1566 quod
748 1492 894 1566 prendere
904 1492 1010 1569 possis.

214 1792 227 1804 ,
252 1788 255 1793 .
362 1744 489 1800 Puer-in
504 1741 671 1804 Stellionem.
692 1764 841 1809 sss.v11.

178 1863 327 1921 lurensi
338 1862 453 1937 pacida
467 1864 666 1940 nequicquam
679 1865 739 1923 lilia
751 1867 842 1924 matri

140 1954 290 2015 Omnibus
302 1965 349 2012 est
360 1957 459 2022 terris,
471 1958 553 2013 omni
566 1957 695 2032 quaesita
708 1957 863 2032 profundo.
964 1984 971 1993 ·
1043 1953 1063 2001 ·“

141 2046 226 2112 Illam
239 2065 298 2106 non
312 2046 409 2106 rutilis
424 2049 549 2106 veniens
560 2051 682 2108 Aurora
693 2049 815 2125 capillis
866 2076 871 2086 ·

139 2139 318 2198 cessantem
332 2138 414 2203 vidit,
426 2157 489 2202 non¹
499 2137 669 2215 Hesperus.
691 2145 746 2200 Illa
758 2145 875 2202 duabus

140 2229 337 2292 Flammifera
349 2228 441 2301 pinus
452 2231 590 2287 manibus
601 2233 757 2290 succendit
769 2236 806 2289 ab
819 2237 915 2306 AEtna‚

99 2341 102 2345 ’
139 2325 259 2399 Perque
274 2317 430 2396 pruinosas
443 2319 510 2380 tulit
520 2321 688 2397 irrequieta
700 2326 846 2383 testebras

140 2417 269 2484 Rursus,
282 2427 314 2472 ut
326 2416 407 2476 alma
419 2412 485 2472 dies
494 2413 648 2474 hebetarat
659 2415 767 2484 sidera,
780 2430 882 2478 natam

141 2511 218 2568 Solis
230 2510 266 2568 ad
281 2525 432 2572 occasum,
445 2505 519 2564 solis
532 2512 686 2582 quaerebat
698 2511 735 2568 sb
748 2498 836 2569 onus

140 2605 234 2680 Fessa
243 2605 343 2660 labore
356 2598 437 2658 sitim
451 2602 627 2676 collegeram
639 2619 753 2674 oraque
765 2594 839 2660 nulli

140 2699 314 2756 Colluerant
325 2691 433 2750 fontes:
447 2709 518 2748 cum
533 2702 645 2750 tectam
659 2691 802 2750 stramine
813 2692 888 2753 vidit

140 2789 232 2846 Forte
244 2803 356 2844 cesama
371 2800 536 2860 parvasque
551 2785 631 2844 fores
644 2784 781 2860 pulsavita
796 2787 906 2845 atinde
952 2819 956 2824 -

140 2879 338 2946 Prodamus,
352 2877 523 2952 Divamque
536 2876 630 2946 viden
643 2879 863 2959 lymphamque
873 2879 991 2956 roganti
1052 2877 1056 2889 '

141 2972 242 3030 Dulce
254 2969 344 3030 dedit·
357 2981 435 3026 tosta
448 2969 528 3041 quod
541 2980 666 3028 coxerat
677 2983 745 3028 ante
759 2974 888 3042 polenta.
986 2993 1008 3011 ⁴¹

141 3065 226 3122 Dum
240 3059 314 3119 bibit
326 3059 377 3118 illa
389 3061 503 3126 datuma
518 3059 585 3118 duri
599 3077 675 3133 puer
689 3060 761 3128 oris,
774 3073 805 3117 et
815 3063 914 3118 audax

141 3154 284 3216 Constitit
297 3163 364 3210 ante
381 3151 491 3216 Dearm
507 3148 642 3225 risitque,
655 3153 834 3225 avidamque
846 3150 973 3211 vocaris

143 3249 268 3308 Offensa
281 3255 339 3306 esta
351 3261 455 3318 neque.
464 3242 562 3299 adhuc
575 3254 662 3316 epota
675 3255 759 3317 parte
772 3247 958 3317 loquentem·
988 3267 991 3273 ¹
1008 3276 1012 3287 ·

142 3340 223 3398 Cum
234 3333 351 3410 liquido.
359 3336 455 3392 mixta
467 3331 601 3410 perfudit
615 3332 692 3392 Diva
704 3337 834 3409 polenta.

142 3427 293 3488 Combibit
306 3445 340 3482 os
353 3430 494 3494 maculam
509 3437 550 3493 et,
564 3443 623 3505 qua
635 3428 726 3485 modo
737 3425 974 3502 brachia-gessit,

144 3521 242 3582 Crura
255 3519 344 3600 geria
358 3523 509 3584 caudacst
521 3518 645 3581 inuam
656 3521 753 3581 addita
765 3519 922 3583 membrisa
971 3550 976 3566 ι
1004 3536 1006 3543 ·

769 3611 835 3669 Ha
888 3627 892 3632 ’
