2400 4100
461 230 543 290 orn.
555 231 580 288 1.
602 230 694 292 ran.
709 231 767 293 rx.
1035 243 1081 310 17

144 378 271 452 Aspera,
282 393 341 451 (pua
352 389 506 451 properas,
518 379 584 434 loca
597 390 677 436 sunt.
698 375 885 436 Moderatius
896 395 961 449 oro,

144 471 251 536 Curre,
265 469 430 546 fugamque
442 467 553 528 inhibe:
574 469 761 530 moderatius
771 469 915 546 insequar
924 472 999 548 ipse.

143 563 202 620 Cui
213 567 331 638 placeas
341 562 462 638 inquire
472 573 583 621 tamen.
605 565 675 620 Non
688 563 788 622 incola
802 563 921 635 montis,

141 657 213 717 Non
222 676 281 734 ego
291 675 360 714 sum
374 667 486 731 pastore
505 675 564 714 non
575 659 627 716 hic
638 669 776 716 armenta
788 674 940 733 gregare

141 755 294 812 Horridus
308 755 442 811 observo.
463 753 585 821 Nescis,
595 751 769 819 temeraria,
779 752 882 810 nescis

139 847 242 919 Quem
253 845 363 923 logiasr
383 845 513 922 ideoque
529 843 625 921 fugis.
648 845 728 904 Mihi
743 844 896 921 Delphica
906 848 1009 918 tellus,

140 937 183 997 Et
193 939 310 1007 Claros,
323 949 354 998 et
368 938 520 1007 Tenedos,
535 939 728 1013 Palemque
742 938 828 1013 regio
839 939 942 999 servit.

141 1033 261 1108 Jupiter
273 1043 319 1090 est
332 1031 461 1109 genitor.
482 1034 542 1090 Per
553 1050 605 1092 rne
617 1034 698 1108 qnod
712 1030 842 1108 eritque,
850 1031 981 1109 fuitque,

140 1123 268 1200 Estque,
280 1137 373 1200 patet:
393 1141 450 1204 per
462 1143 513 1184 me
527 1128 709 1186 concordant
721 1125 855 1186 earmina
865 1125 979 1186 nervis.

140 1217 233 1276 Certa
246 1216 370 1294 quidem
382 1229 484 1278 nostra
495 1230 551 1277 est:
572 1231 673 1278 nostra
684 1231 787 1278 tameo
799 1237 859 1278 nna
870 1219 981 1298 sagitto

139 1309 275 1379 Certior,
288 1312 317 1368 in
332 1329 426 1369 vaeno
437 1329 505 1387 quae
518 1314 645 1371 vulnera
656 1323 778 1388 pectore
791 1312 874 1372 lecit.

140 1403 305 1460 Inventum
321 1401 470 1460 medicina
482 1421 588 1460 meum
602 1418 659 1471 esu
678 1403 837 1478 opiferque
851 1423 907 1482 per
918 1408 1025 1468 orbern

139 1495 245 1562 Dicor,
266 1507 296 1552 et
309 1495 472 1554 herbarum
485 1494 625 1572 subjecta
637 1494 772 1570 potentia
785 1496 879 1554 nobis·

139 1587 204 1646 Hei
215 1585 302 1652 mihi,
312 1587 391 1662 qnod
404 1587 494 1646 nullis
507 1605 593 1646 arnor
604 1599 653 1647 est
663 1587 853 1648 medicabilis
863 1590 977 1661 hernia

140 1681 209 1740 Nec
224 1691 351 1756 prosunt
361 1679 491 1749 domino,
504 1697 572 1748 quse
583 1693 711 1756 prosunt
719 1681 871 1753 omnibus,
882 1684 975 1744 ortes!

140 1775 235 1832 Plura*
244 1777 414 1833 locuturum
428 1773 536 1832 timido
548 1775 663 1834 Peneia
675 1793 768 1834 eursu

141 1865 242 1942 Fugit,
256 1883 388 1942 cumque
401 1865 467 1941 ipso
482 1868 571 1924 verba
581 1867 764 1942 imperfecto
774 1866 908 1943 reliquit.

128 1957 225 2036 'Turn
241 1975 361 2034 quoqne
375 1957 438 2018 visa
452 1959 572 2020 decens.
594 1961 752 2019 Nudabant
764 1979 892 2036 corpora
903 1964 995 2036 venti,

140 2053 298 2129 Obviaque
312 2054 451 2111 adversas
466 2052 618 2112 vibrabant
629 2052 753 2111 flamina
761 2064 874 2125 reateq

127 2146 181 2205 xEt
194 2145 269 2204 levis
283 2145 424 2219 impexos
437 2160 519 2203 retro
529 2148 615 2204 dabat
628 2166 701 2204 aura
712 2146 847 2221 capillosr

141 2236 416 2313 Auctaquesorma
425 2236 499 2313 luga
510 2250 566 2296 est.
587 2238 650 2295 Sed
664 2237 748 2295 enirn
759 2256 818 2295 non
832 2238 961 2300 sustinet
972 2243 1051 2301 ultra

138 2332 275 2390 Perdere
289 2328 446 2388 blanditias
457 2329 581 2408 juvenis
595 2329 694 2387 Deos:
716 2342 811 2406 utque
822 2336 959 2394 movebat
1014 2403 1020 2413 ¹

17 2502 19 2505 Ι
141 2425 210 2499 Ipse
222 2442 317 2492 amor,
330 2422 463 2481 admisso
477 2422 617 2499 sequitur
630 2422 760 2501 vestigia
779 2442 878 2501 passu.

139 2516 184 2573 Ut
198 2514 281 2573 canis
293 2512 324 2572 in
340 2534 435 2584 naono
451 2518 585 2591 leporem
600 2536 670 2575 cnm
684 2516 825 2577 Gallicus
838 2538 909 2579 arro

141 2606 237 2676 vidie
260 2619 291 2666 et
304 2606 354 2663 hic
367 2608 499 2681 praedam
510 2610 637 2683 pedibus
649 2609 735 2683 petit,
748 2611 801 2669 ille
816 2616 952 2673 salutem.

142 2702 230 2759 Alter
243 2698 398 2759 inhaesuro
411 2698 529 2769 similis,
539 2701 744 2781 jamjamque
758 2714 864 2765 tenere

141 2794 256 2868 Sperat,
271 2806 301 2853 et
312 2806 436 2853 extento
448 2796 569 2873 stringit
583 2795 713 2872 vestigia
725 2809 833 2861 rostmt
945 2846 951 2857 .

17 2893 21 2909 ⁴
141 2888 229 2945 Alter
241 2886 271 2945 in
285 2888 428 2963 ambiguo
441 2899 498 2957 est,
510 2906 547 2947 an
561 2887 602 2949 sit
611 2892 788 2966 deprensus,
800 2903 831 2951 et
839 2892 915 2969 ipsis

141 2979 294 3039 Morsibus
308 2978 446 3054 eripitur,
458 2974 673 3057 tangentiaque
684 3002 739 3041 ora
752 2985 905 3062 relinquit:

140 3072 190 3130 Sic
206 3072 291 3131 Deus
302 3060 333 3131 et
348 3073 434 3149 virgo
446 3084 503 3131 est:
527 3073 577 3131 hic
589 3092 643 3150 spe
655 3080 747 3145 celer,
759 3078 810 3137 illa
823 3080 945 3140 umora

139 3164 202 3239 Qui
212 3178 312 3225 tamen
325 3165 504 3242 insequitur,
519 3169 626 3240 pennis
637 3170 756 3247 adjutos
768 3173 904 3243 Amoris,
923 3217 925 3222 .

140 3257 235 3319 Ocior
248 3268 304 3329 est,
317 3258 514 3335 requiemque
529 3273 628 3334 negare
647 3272 796 3339 tergoque
809 3263 913 3341 fugaci

140 3351 294 3419 Imminet3
315 3362 346 3409 et
359 3352 472 3411 crinem
489 3372 627 3429 sparsum
641 3356 810 3415 certicibus
822 3357 913 3418 afflat·

141 3444 266 3505 Viribus
280 3446 426 3505 absumtis
437 3446 584 3523 expalluit
596 3447 658 3507 illa:
679 3450 811 3525 citaeque

140 3538 230 3599 Victa
244 3542 343 3599 labore
359 3538 453 3619 tuga,
465 3552 604 3617 spectans
619 3544 768 3603 Peneidas
780 3545 883 3680 quque,
