2400 4100
390 195 395 204 ’
451 227 531 298 eru.
545 237 570 296 1.
590 236 683 298 rus.
696 235 753 298 ru.
1017 239 1065 307 21

136 377 208 436 Nec
222 379 331 442 retinet
343 382 499 458 lacrymas,
511 393 553 453 et,
566 383 591 441 si
604 381 696 442 modo
708 383 799 442 verbu
808 391 982 460 sequantur,

139 471 215 530 Oret
228 491 330 549 opem:
344 493 516 552 nomenque
530 492 633 547 suum,
645 492 795 552 meusque
808 478 957 551 loquatur.

137 562 253 624 Littera
266 583 322 643 pro
333 567 441 648 verbis,
456 587 547 645 quem
558 585 616 644 pes
628 567 659 626 iu
673 570 800 644 pulvere
813 567 911 637 duxit,

138 654 283 732 Corporis
296 659 443 720 indicium
453 660 561 722 mutati
573 660 662 719 triste
675 658 805 736 peregit.

139 749 192 808 Me
201 751 362 814 miserum!
374 757 525 813 exclamat
536 766 624 829 pater
635 754 776 812 Inachus:
790 752 884 829 inque
896 748 1049 828 gementis

19 880 22 886 ‚
138 842 299 915 Cornibus,
308 856 339 904 et
351 846 448 907 niveae
463 847 599 923 pendens
611 844 730 904 cervice
741 843 892 922 juvencae,

138 933 193 994 Me
206 935 366 1002 miserum!
379 937 558 1016 ingeminat
573 939 663 998 Tunc
675 956 710 996 es
724 936 853 1014 qoaesio
865 953 920 1012 per
932 947 1051 1004 omues,

137 1029 228 1098 Nata,
240 1030 317 1090 mihi
327 1031 435 1092 terras?
447 1044 480 1092 tu
491 1050 550 1092 non
563 1033 684 1092 inventa
696 1041 817 1106 reperta

135 1119 255 1182 Luctus
266 1141 333 1182 erae
345 1124 450 1184 levior.
463 1125 597 1195 Retices,
607 1143 667 1186 nec
680 1136 787 1186 mutua
798 1121 911 1182 nostrie

136 1211 230 1273 Dicta
242 1215 347 1280 refers.
358 1219 432 1276 Alto
442 1229 559 1279 tantum
571 1217 700 1295 suspirie
712 1215 814 1295 prodis

135 1306 278 1365 Pectore=
294 1309 433 1385 quodque
447 1329 543 1370 unum
554 1322 655 1388 potes,
667 1312 704 1370 ud
716 1329 788 1369 mea
798 1310 889 1368 rerba
896 1306 1044 1385 remugis.

136 1398 179 1457 At
190 1398 248 1458 tibi
264 1419 325 1478 ego
336 1401 459 1478 ignarus
470 1405 621 1460 thalamos
634 1403 788 1476 taedasque
802 1403 954 1476 parahsm3

136 1491 276 1568 Spesque
289 1491 348 1552 fuit
362 1493 469 1570 generi
481 1493 558 1553 mihi
572 1493 679 1568 prime,
692 1494 824 1552 secunde
835 1505 992 1570 nepotum.

136 1583 187 1644 De
201 1603 298 1663 grege
312 1603 392 1646 nuuc
403 1585 459 1646 tibi
473 1587 530 1658 vir,
543 1605 624 1647 nunc
636 1587 674 1647 de
688 1604 784 1665 grege
800 1597 890 1646 ustos
907 1583 1068 1647 habendus

135 1677 205 1738 Nec
217 1676 304 1738 linire
317 1679 389 1739 licet
399 1691 499 1740 tantos
513 1680 589 1739 mihi
601 1688 700 1740 morte
714 1680 845 1739 dolores:

137 1771 200 1832 Sed
213 1784 302 1832 nocet
313 1790 383 1831 esse
398 1773 511 1834 Deum.
524 1776 743 1849 Praeclussque
754 1772 846 1852 janua
857 1771 912 1832 leti

137 1867 296 1926 liternum
308 1879 428 1926 nostros
440 1870 540 1927 luctus
553 1865 691 1928 extendit
701 1866 732 1924 iu
743 1883 854 1926 aevum.

138 1957 227 2016 Talia
238 1961 374 2018 merenti
389 1963 523 2022 stellatus
537 1961 697 2020 submovet
709 1961 826 2039 Argus,

136 2052 344 2130 Ereptamque
357 2054 436 2131 petri
450 2056 571 2116 diversa
582 2056 614 2114 in
628 2073 741 2131 pascos
751 2067 853 2116 nuum

137 2145 302 2208 abstrahit.
319 2148 389 2221 lpse
403 2150 510 2222 procul
524 2147 636 2206 montis
650 2146 780 2205 sublime
792 2164 942 2207 cacumen

137 2238 288 2315 occupem
303 2239 382 2296 unde
396 2238 504 2295 sedens
517 2248 618 2313 portes
632 2238 806 2313 speculetur
818 2236 849 2295 in
862 2226 979 2296 omnes.

145 2504 147 2509 ’
168 2486 343 2541 Mercurius
354 2490 458 2543 ausano
470 2488 509 2543 od
521 2486 635 2557 Argum
648 2488 890 2559 interficiendum.
904 2502 976 2547 ssu.
990 2508 1042 2549 xre

138 2607 212 2665 Nec
228 2606 382 2680 Superum
392 2616 490 2664 rector
502 2608 582 2665 mala
592 2617 676 2665 tanos
687 2607 875 2666 Phoronidos
888 2611 966 2667 ultra

139 2701 232 2758 Ferre
248 2698 357 2775 potest:
372 2710 538 2776 natumque
553 2711 755 2776 vocemquam
771 2699 872 2759 lucide
883 2684 977 2776 partis¹

138 2794 241 2853 Pleias
255 2792 409 2861 enixaest‚
423 2794 543 2870 letoque
557 2795 619 2862 det,
628 2793 768 2869 imperet,
781 2795 913 2870 Argum.

138 2888 234 2945 Parva
247 2904 331 2945 mora
343 2898 399 2956 est,
411 2886 473 2944 alas
485 2887 624 2961 pedihus,
634 2883 812 2963 virgamque
824 2887 939 2961 potenti

139 2978 342 3037 Somniierem
357 2978 503 3037 sumsisse
516 2997 619 3047 manu,
631 2978 830 3055 tegimenque
841 2978 968 3054 capillis.

137 3072 218 3131 Haec
229 3070 280 3129 ubi
293 3070 451 3147 disposuit,
464 3072 559 3146 patria
571 3072 644 3131 lore
655 3083 743 3131 natus
755 3073 792 3129 ab
801 3088 872 3129 arce

136 3164 252 3225 Desilit
263 3165 294 3222 in
307 3177 413 3224 terras.
429 3161 495 3225 lllic
510 3163 706 3241 tegimenque
718 3162 856 3231 removit,

136 3256 178 3317 Et
190 3256 293 3334 posuit
304 3270 427 3335 pennas:
444 3258 652 3317 tantummodo
664 3257 749 3335 virga
763 3266 877 3315 retenta
888 3271 944 3315 est.

136 3353 207 3411 Hac
221 3348 294 3427 agit,
308 3362 343 3409 ut
355 3354 466 3426 pastor,
479 3367 534 3426 per
544 3350 630 3407 devia
643 3369 712 3425 rura
720 3349 862 3424 capellus,

137 3446 225 3504 Dum
235 3442 328 3513 veuit,
339 3444 491 3513 abductam
506 3453 538 3502 et
550 3442 671 3502 structis
682 3452 782 3501 cantat
794 3438 904 3499 avertis.
936 3465 941 3469 ·

136 3538 225 3599 Voce
238 3554 316 3598 nous
330 3547 438 3613 ceptus
451 3546 552 3597 custos
567 3535 723 3605 Iunonius.
736 3536 781 3593 At
793 3542 837 3601 tu.
