2400 4100
59 190 63 197 ’
111 239 158 311 74
421 236 714 301 Mssrnmonrlt.

109 383 211 445 Mollit
224 382 350 443 humum
363 381 450 441 soliis:
466 396 607 458 natasque
621 389 676 441 sub
691 402 811 458 aequore
825 384 927 461 virgus
945 406 949 413 ·
1035 380 1056 455 ’Ἴ

110 476 230 545 Sternit,
244 490 273 533 et
287 475 412 549 imponit
428 476 629 552 Phorcynidos
642 496 695 533 ora
710 480 855 539 Medusae·
937 485 947 492 ⁴

108 559 204 643 Virga
217 584 331 633 recens,
344 568 501 643 bibulaque
514 569 680 627 etiamnum
693 572 758 628 viva
771 571 901 629 medulla·

109 658 182 717 Vim
197 659 296 735 rapuit
308 660 443 724 monstri,
456 672 599 737 tactuque
610 661 746 719 induruit
760 662 859 739 hujus:
1025 736 1029 739 ἢ

110 752 310 834 Percepitque
322 750 432 809 novum
446 752 535 811 tauris
548 766 580 810 et
593 754 696 809 fronde
711 755 857 829 rigorem.
935 784 938 790 ·
1041 747 1045 755 ’

110 850 154 905 At
167 846 270 923 pelagi
282 848 312 903 N
314 850 432 921 ymplrae
444 845 558 915 lactum
572 847 707 904 mirabile
720 857 835 903 tentant
885 857 888 861 “
1026 850 1032 860 ’

109 939 250 997 Pluribus
264 940 295 997 in
308 938 412 1015 virgis,
425 952 455 997 et
468 939 549 997 idem
565 940 896 1014 contingere'g'audent:
965 940 969 949 '

110 1032 290 1105 Seminaque
304 1048 342 1087 ex
355 1030 415 1089 illis
428 1030 536 1089 iterant
547 1031 658 1108 jactata
669 1050 724 1106 per
740 1034 842 1090 undas.

110 1124 200 1179 Nunc
213 1140 333 1197 quoque
345 1121 465 1181 curaliis
478 1123 585 1183 eadem
597 1136 703 1181 nature
717 1125 869 1193 remansit,

111 1214 265 1272 Duritiem
277 1226 355 1271 tacto
369 1214 485 1289 capiant
499 1231 531 1273 ut
543 1217 579 1271 ab
593 1221 678 1284 aere,
690 1218 829 1291 quodque

111 1306 226 1365 Vimen
237 1304 268 1365 iu
283 1324 404 1381 aequore
417 1317 491 1377 erat,
504 1307 554 1366 fiat
567 1325 661 1383 super
673 1325 795 1384 aequore
808 1319 923 1366 saxum.

159 1609 161 1611 .
243 1559 374 1621 Medusae
391 1563 493 1617 C'rines
506 1566 538 1617 in
551 1562 712 1629 Serpesucs.
733 1579 806 1619 uno.
817 1579 901 1619 ιω.

151 1682 210 1739 Dis
223 1682 317 1739 tribus
331 1679 381 1737 ille
395 1679 476 1737 focos
489 1680 614 1739 totidem
626 1681 664 1736 de
678 1678 793 1755 cespite
806 1679 899 1755 ponit:

113 1776 237 1831 Laevum
253 1770 418 1839 Mercurio,
430 1774 571 1831 dextrum
584 1771 649 1841 tibi,
661 1773 766 1830 bellica
779 1772 875 1847 virg03

113 1868 176 1924 Ara
189 1862 272 1923 lovis
285 1861 384 1921 media
397 1876 452 1923 est:
468 1876 616 1923 mactatur
626 1882 716 1948 vacca
730 1861 891 1932 Minoum,

114 1956 240 2029 Alipcdi
254 1956 378 2041 vitulum
390 1964 494 2013 taurus
507 1955 570 2025 tibi,
583 1958 706 2013 summe
721 1955 866 2013 Deorum.
934 1983 941 2002 ·

113 2049 252 2108 Protinus
267 2040 478 2106 Andromedan
492 2061 523 2106 ct
535 2046 609 2106 tanti
621 2046 829 2122 premis'focti

113 2143 248 2200 lndotata
262 2140 346 2216 rapit.
367 2140 478 2198 Taedas
491 2139 680 2215 Hymenaeus
694 2142 850 2213 Amorque

114 2234 311 2294 Praecutiunt:
325 2232 417 2308 largis
427 2231 574 2290 'satiantur
585 2232 723 2289 odoribus
736 2229 838 2306 igneae
847 2247 864 2259 ”

116 2329 260 2401 Sertaque
275 2327 442 2400 dependent
456 2324 557 2382 tectist
573 2323 699 2396 lotique,
712 2325 857 2396 lyraeque,

115 2419 275 2491 Tibiaque,
290 2429 320 2473 et
332 2427 445 2483 cantus,
458 2415 550 2472 animi
565 2413 665 2471 felicia
677 2412 740 2471 laeti

116 2513 316 2586 Argumenta,
329 2518 441 2564 sonant.
457 2504 611 2564 Reseratis
623 2523 714 2564 aurea
727 2505 835 2563 velvis‘

117 2602 204 2661 Atria
217 2613 277 2660 tota
290 2612 402 2676 patent,
415 2601 603 2675 pulchroque
616 2597 762 2656 instructa
774 2600 890 2673 paratu,

118 2693 273 2775 [Cepheni
287 2711 428 2769 proceres
440 2691 545 2749 ineunt
558 2690 693 2748 convivia
706 2687 829 2768 Regis]

118 2790 280 2864 Postquam
296 2785 391 2860 epulis
403 2783 507 2847 iuncti,
522 2782 664 2859 generosi
677 2800 802 2840 munere
818 2780 928 2838 Bacchi
1001 2847 1011 2860 ¹

119 2879 277 2936 Diffudere
290 2877 416 2934 animos:
428 2877 587 2950 cultusque
599 2874 780 2949 habitusque
794 2877 931 2952 locorum
969 2914 981 2938 ,

119 2971 237 3046 Quaerit
253 2966 443 3036 Abantiades,
457 2967 608 3042 quaerenti
620 2967 753 3042 protinus
766 2984 844 3024 unus

119 3067 248 3146 [Narrat
260 3060 418 3146 Lyncides,
431 3077 604 3134 moresque,
619 3048 796 3132 habitusque
807 3052 971 3135 vitorum-i]
1026 3066 1038 3075 ’“

120 3161 197 3231 Quae
212 3155 303 3213 simul
317 3150 446 3219 edocuit,
461 3149 491 3208 N
494 3169 561 3218 rmo,
572 3155 600 3210 0
614 3148 789 3215 fortissime,
803 3147 891 3217 dixit,

121 3254 195 3310 Fere
209 3265 326 3324 precor,
342 3247 462 3310 Perseo,
476 3255 585 3317 quanta
599 3243 718 3307 virtute,
730 3237 900 3314 quibusque
993 3297 997 3304 ,

121 3341 244 3401 Artffius
258 3336 415 3396 abstuleris
429 3333 536 3392 crinita
549 3333 724 3392 draconibus
737 3349 797 3389 ora.

160 3437 271 3492 Narrat
284 3428 472 3522 Abantiades,
485 3427 584 3527 gcl'qdo
598 3429 654 3484 sub
668 3425 791 3507 Atlante
802 3421 952 3500 jacentem

122 3527 199 3588 Esse
212 3489 324 3626 lofuni,
338 3521 441 3606 solidae
455 3530 555 3608 tutum
568 3517 737 3622 mopimine
750 3515 851 3625 qualis:
