2400 4100
127 204 181 277 56
447 196 750 263 MEMMOEPH-
774 191 777 196 ¹

127 344 291 406 Restabant
305 344 398 405 aoiutt
417 344 572 425 pavidum,
585 346 784 425 gelidumque
795 348 944 413 trementi

125 442 273 517 Corpore,
286 442 397 516 vixque
409 456 514 499 meum
527 439 627 499 firmat
642 441 739 509 Deua,
754 440 885 511 Excute,
896 440 1019 513 dicens,

125 534 225 592 Corde
239 544 366 595 metum,
380 532 551 609 Citiamque
564 548 645 592 tene.
662 535 794 593 Delatus
805 535 836 593 in
849 534 934 597 iilam

124 625 273 687 Acceptis
285 624 345 683 eris
362 626 513 695 Baccheia
526 644 612 686 saona
623 626 793 704 frequento.
947 630 951 633 ’

165 718 355 779 Praebuimus
368 718 467 795 longia
482 720 635 780 Pentheus
646 720 823 796 arnbegibus
836 738 936 790 aurea,
970 763 974 767 v

125 808 239 887 Inquit:
259 824 292 869 ut
306 810 351 871 ire
363 828 448 869 more
462 811 543 871 vires
557 816 716 870 absumere
730 825 842 887 posset.

122 903 321 980 Praecipitem
335 902 439 963 futtuli
454 904 551 979 rapite
561 907 654 963 hune:
663 885 869 983 ”cruciataque
881 904 956 964 diris

124 997 262 1072 Corpora
273 995 433 1055 tormentis
447 996 562 1072 Stygiae
576 996 727 1057 demittite
742 999 834 1058 nocti.

124 1090 267 1151 Protinus
281 1091 447 1151 abstractus
459 1086 566 1149 solidis
577 1090 758 1163 Tyrrhenus
769 1093 896 1153 ncoetes
1001 1139 1006 1145 .
1075 1160 1095 1177 x

125 1180 330 1255 Clauditurin
343 1180 442 1241 tectis:
463 1192 495 1239 et
505 1180 580 1240 dum
592 1184 729 1241 crudelia
739 1184 835 1262 juesae
918 1236 922 1241 .
1060 1194 1064 1201 '

125 1276 328 1339 Instrumenta
338 1274 424 1336 necis
436 1274 614 1350 ferrumque
626 1276 771 1354 ignisque
783 1287 937 1352 parmturt
1032 1330 1037 1337 .

125 1370 239 1449 Sponte
252 1368 453 1445 suapattiue
466 1366 556 1448 sores,
570 1371 731 1446 tepensque
745 1370 868 1431 lacerti
908 1412 911 1417 -
962 1405 978 1419 -‡
1057 1369 1087 1389 “’

125 1468 239 1542 Sponte
253 1484 309 1525 aua
319 1463 400 1525 foma
411 1476 468 1534 est,
482 1466 566 1524 nullo
578 1468 723 1537 solvente,
736 1479 865 1526 catenae.
895 1515 900 1523 ,

124 1560 246 1620 Perstat
258 1557 461 1617 AEchionidest
483 1575 539 1616 nee
550 1558 617 1637 jam
627 1559 715 1637 jubet
726 1558 782 1627 ire,
793 1562 849 1618 sed
859 1558 928 1633 ipae
943 1586 950 1597 ·
1049 1589 1053 1594 >

67 1678 70 1689 ’
124 1650 226 1717 Vadit,
237 1650 299 1718 ubi,
310 1651 426 1709 electus
438 1648 576 1709 facienda
588 1653 627 1709 ad
640 1670 736 1722 sacra,
747 1652 905 1730 Cithaeron
955 1655 961 1663 “

75 1794 78 1801 .
124 1744 270 1805 Cantibus
285 1758 317 1803 et
330 1746 411 1801 eiara
423 1744 624 1807 bacchantum
638 1764 711 1805 voce
724 1748 854 1806 sonabat

123 1838 168 1898 Ut
181 1836 285 1896 fremit
297 1854 368 1897 acer
380 1854 487 1915 equus,
500 1854 572 1899 cum
585 1839 712 1899 bellicus
723 1856 785 1900 aere
794 1855 904 1897 canoro

123 1928 221 2011 Signa
233 1929 317 1988 dedit
328 1931 460 1995 tubicen,
472 1947 645 2007 pugnaeque
657 1931 785 1991 assumit
796 1949 951 1991 amorerat·

122 2024 260 2088 Penthea
274 2022 411 2106 sie'ictue
426 2023 525 2098 longia
537 2022 700 2082 titulatibue
714 2025 812 2082 ether

124 2119 236 2182 Movit:
257 2131 289 2177 et
302 2116 556 2192 auditoclangore
569 2114 724 2174 recanduit
733 2115 787 2174 ira.

125 2199 234 2274 Monte
248 2211 312 2271 fere
326 2209 428 2270 medio
443 2223 499 2276 est,
513 2209 704 2284 cingentibus
717 2207 825 2268 ultima
837 2205 930 2277 suvia,

124 2309 225 2368 Purus
238 2308 275 2364 ab
288 2302 453 2371 arboribus,
464 2301 637 2375 spectabilis
649 2301 784 2378 undique
796 2317 933 2377 carnpuat

125 2401 189 2462 Hic
201 2397 302 2457 oculis
312 2396 399 2454 iilum
413 2404 589 2452 cernentem
602 2409 688 2448 sacra
701 2391 833 2465 prufenia

125 2493 228 2555 Prima
239 2487 329 2556 videt,
349 2485 448 2562 prime
456 2495 504 2544 est
517 2484 622 2542 insano
635 2482 758 2542 concita
767 2495 866 2558 motu,

124 2588 227 2652 Prima
239 2601 331 2643 suum
342 2579 437 2640 misto
446 2577 569 2638 violavit
582 2580 717 2638 Penthea
725 2579 836 2654 thyrso

125 2683 238 2745 Mater:
261 2681 304 2746 lo,
318 2675 459 2754 gominae,
472 2673 622 2741 clamavit,
634 2673 737 2731 adeste
749 2690 879 2742 sorores;

126 2779 184 2836 Ille
199 2791 282 2849 aper,
295 2770 326 2829 in
339 2768 450 2828 nostris
464 2777 546 2825 errat
558 2765 610 2842 qui
622 2765 775 2824 maximus
788 2765 879 2840 agris,

125 2871 183 2931 nte
194 2865 271 2925 mihi
282 2863 435 2922 feriendus
450 2877 531 2934 aper.
554 2857 628 2916 Ruit
639 2857 737 2916 omnis
750 2858 780 2942 in
794 2875 890 2917 unum

125 2963 232 3024 Turba
241 2957 355 3016 surenst
376 2965 493 3012 eunctae
503 2963 621 3016 coeunt,
634 2966 813 3029 cunctaeque
826 2963 992 3029 sequuntur

126 3057 195 3120 Jam
207 3052 369 3130 trepidum,
377 3049 441 3128 jam
454 3050 543 3106 verba
555 3045 658 3106 minus
671 3046 800 3106 violenta
808 3050 1002 3123 loquentem,

126 3153 195 3213 Jam
208 3169 241 3208 se
254 3150 454 3211 damnantem,
465 3143 530 3223 jam
543 3159 576 3199 se
590 3159 733 3216 peccasse
747 3141 902 3202 fatentemt

127 3242 256 3304 Saucius
266 3240 321 3299 ille
331 3255 440 3306 tamen,
455 3237 516 3294 For
529 3253 628 3312 opem,
643 3247 813 3303 matertera,
824 3232 913 3306 dixit,

127 3339 280 3400 Autonoe:
299 3343 438 3392 moveant
451 3329 566 3390 animos
579 3328 735 3389 Actaeonis
744 3322 870 3387 umbrae.

127 3434 185 3491 Ilia
199 3428 270 3505 quid
283 3426 410 3486 Actaeon
425 3423 533 3483 nes'cit:
555 3419 752 3499 dextramque
766 3419 901 3497 precanti

128 3521 271 3586 Abstulit:
293 3521 369 3580 inoii
381 3522 511 3581 lacerata
523 3529 570 3580 est
582 3519 677 3578 altera
687 3523 784 3591 raptu.
